3002 5084
684 846 829 926 CAPUT
853 847 940 924 Xlll.

414 1029 460 1090 nu
477 1029 633 1090 ucelrm
650 1030 784 1088 reseco
802 1030 1002 1090 sro1conun
1019 1029 1215 1090 urscrruno.

331 1257 475 1333 Horatio
502 1256 748 1348 Flaoec,adeo
777 1257 947 1346 liberum,
980 1254 1145 1348 amabile,
1175 1265 1282 1354 atque
1308 1255 1351 1329 ad

282 1377 400 1452 omnia
424 1377 582 1454 versatile
608 1378 674 1453 luit
700 1377 898 1476 ingenium,
924 1386 964 1451 ut
984 1376 1041 1450 vix
1064 1399 1282 1475 quemquam
1301 1399 1354 1451 re·

282 1499 396 1596 perias
426 1499 487 1598 qui
509 1523 591 1576 eum
620 1523 733 1576 unum
763 1523 783 1576 e
811 1499 908 1574 duris
935 1499 1084 1586 Zenonis
1115 1498 1350 1574 sectatoribus

282 1621 412 1697 habere
437 1633 472 1698 et
495 1626 651 1721 angustis
678 1625 804 1700 domus
833 1647 957 1700 eorum
981 1623 1173 1723 parietibus
1197 1623 1351 1699 circum·
1421 1635 1426 1644 “

282 1744 436 1820 scribere
467 1746 603 1822 audeat.
635 1746 726 1822 Rara
758 1747 901 1822 limatus
930 1745 1148 1837 urbanitate,
1178 1746 1348 1843 exquisito

281 1867 447 1966 praeditus
461 1868 612 1967 judicio,
636 1891 751 1967 neque
777 1891 797 1944 a
824 1867 1006 1944 communi
1030 1866 1217 1943 hominum
1243 1890 1349 1943 sensu

280 2013 439 2089 unquam
463 1992 648 2084 recedens,
666 1991 725 2068 ille
753 2001 854 2092 poeta
881 2013 953 2066 non
980 1991 1010 2066 is
1035 2000 1110 2068 erat
1135 1991 1196 2090 qui
1221 1990 1348 2089 placita
1476 2082 1477 2102 Ν

282 2115 443 2212 quaedam
462 2117 600 2192 insolita
618 2129 652 2192 et
676 2116 794 2194 nescio
820 2139 927 2216 quam
949 2116 1165 2191 rusticanam
1182 2114 1349 2214 asperila-
1477 2168 1478 2178 κ

280 2251 353 2316 tem
371 2240 534 2318 habentia
552 2243 796 2341 profiteretur,
813 2241 933 2338 eisque
951 2240 1055 2317 unice
1073 2249 1108 2316 et
1124 2238 1349 2339 pertinaciter

284 2359 486 2436 adhaereret.
506 2359 599 2437 Hinc
614 2370 735 2437 contra
755 2373 858 2459 atque
880 2361 979 2436 illinc
996 2358 1140 2435 eximias
1158 2358 1348 2435 sententias

283 2485 454 2584 excerpsit
471 2507 557 2583 quas
574 2486 743 2560 intexeret
766 2486 839 2560 suis
867 2484 1101 2576 carminibus,
1125 2485 1172 2559 ita
1197 2494 1238 2558 ut
1261 2505 1348 2558 una·

282 2629 429 2705 quaeque
444 2604 734 2706 philosophorum
760 2607 891 2682 familia
918 2629 1001 2682 eum
1024 2607 1105 2705 jure
1132 2616 1167 2681 et
1193 2618 1299 2704 queat
1314 2614 1348 2682 et

282 2740 433 2827 nequeat
448 2752 512 2828 pro
531 2753 594 2804 suo
610 2730 799 2806 vindicare.

330 2852 434 2928 Nunc
451 2854 645 2950 Epicurum
663 2877 775 2929 unum
801 2854 929 2928 duoern
953 2854 1052 2951 sequi
1070 2853 1221 2944 videtur,
1240 2852 1348 2927 nihil·

283 3000 351 3078 que
369 3000 492 3053 curare
518 2979 586 3052 nisi
605 2978 813 3069 Falernum,
833 2990 867 3053 et
884 2978 1005 3054 dulces
1032 2980 1098 3054 sub
1124 2993 1263 3053 noctem
1288 3000 1347 3052 su·

237 3136 244 3148 ·
282 3126 418 3195 surros,
436 3113 472 3177 et
494 3102 676 3201 Glyceram
700 3125 875 3210 marmore
893 3103 996 3178 Pario
1018 3105 1142 3202 purius
1160 3102 1348 3202 splenden-

282 3238 372 3318 tem;
405 3249 501 3301 nunc
535 3228 637 3302 illum
667 3228 788 3303 credas
817 3228 939 3304 eadem
972 3227 1100 3302 sentire
1131 3250 1209 3325 quae
1243 3225 1350 3300 sentit

281 3350 500 3440 Aristoteles,
529 3351 589 3449 qui
619 3353 655 3426 in
686 3353 837 3451 quadam
869 3351 1098 3449 temperantia
1126 3363 1161 3426 et
1187 3349 1349 3424 modera-

282 3474 378 3547 tione
392 3496 534 3548 omnem
557 3475 720 3550 virtutem
734 3475 883 3573 posuitl.
910 3474 1107 3571 Aliquando
1125 3483 1243 3548 autem
1258 3473 1349 3546 inter

283 3596 370 3671 duas
397 3597 604 3670 distrahitur
632 3600 854 3675 sententias².
887 3599 985 3696 Saepe
1012 3598 1150 3672 tandem
1184 3596 1227 3670 de
1251 3595 1348 3669 vanis

282 3714 471 3790 hominum
498 3716 672 3806 consiliis,
699 3717 741 3793 de
772 3718 866 3792 curis
895 3717 1024 3815 quibus
1054 3727 1279 3815 torquentur,
1304 3715 1347 3790 de

282 3850 395 3915 morte
422 3838 539 3914 omnia
568 3861 688 3915 seeum
711 3839 890 3932 ablatura,
916 3864 956 3917 ea
978 3839 1238 3938 jucundissime
1266 3841 1348 3936 pro-

315 4135 806 4220 ¹uor.,l.1,up.a;up.c‚v.a5.

318 4236 636 4310 ¹ldonr,lr'p.l,n.llt.
