3002 5084
681 492 696 564 l
707 493 751 564 Ι15

291 637 405 708 indulge
418 639 516 708 genlo;
531 651 675 708 carpamns
688 639 793 708 dulcia;
809 645 933 696 nostrum
949 647 992 696 est

291 734 370 804 Quod
382 733 466 805 vivis3
479 735 565 804 cinis,
581 740 609 792 et
621 749 729 808 manes,
744 740 773 793 et
784 735 876 795 tabula
889 738 950 795 iles.

291 829 356 888 Vivo
367 843 470 887 memor
482 830 563 901 lethi;
579 831 649 904 sugit
662 833 744 906 hora3
759 833 810 890 lroc
822 833 896 904 quod
910 833 1008 905 loquor
1019 833 1083 890 inde
1098 839 1141 890 est
1155 833 1170 889 ¹.

226 984 372 1060 Bolaeus
398 987 492 1062 hunc
517 987 633 1062 locum
660 987 815 1063 imitatus
834 1001 904 1080 est;
932 989 991 1064 sed
1018 1011 1123 1087 quam
1149 987 1250 1084 longe

168 1109 224 1183 eb
252 1111 441 1210 exemplari
468 1112 573 1188 latino
595 1113 759 1206 abluerit,
777 1139 989 1214 quemquam
1017 1115 1145 1212 fugisse
1168 1114 1250 1189 satis

169 1234 307 1309 mirari
326 1259 470 1334 nequeo.
496 1237 594 1323 Quod
614 1238 657 1313 de
680 1250 795 1314 nostra
816 1251 917 1337 gente
940 1239 1101 1338 (injuria,
1121 1250 1159 1313 ut
1176 1239 1251 1337 opi·

172 1357 264 1454 nor)
283 1357 413 1433 Fenelo
430 1360 624 1450 contendit,
643 1385 719 1436 earn
739 1362 897 1437 videlicet
915 1362 1020 1436 rebus
1043 1361 1250 1459 cogitatione

174 1494 280 1557 arcte
304 1485 643 1582 comprehendendis
670 1487 813 1562 omnino
838 1509 912 1562 esse
939 1487 1127 1586 imparem,
1146 1488 1182 1562 id
1209 1489 1251 1563 de

175 1601 319 1693 Bolaeo,
350 1604 436 1678 tanti
466 1605 528 1678 viri
558 1607 649 1679 salva
679 1607 887 1698 reverentia,
913 1606 1062 1682 libenter
1092 1607 1248 1682 dixerim.

181 1723 311 1800 Clarus
330 1723 388 1799 hic
407 1735 523 1823 poeta,
537 1749 619 1801 cum
635 1727 678 1801 de
697 1727 854 1803 libertate
868 1729 1071 1818 dissereret,
1090 1752 1160 1803 non
1178 1751 1251 1803 rem

182 1851 370 1941 intimam,
390 1853 484 1949 quod
503 1853 583 1928 lecit
595 1854 755 1943 Persius,
772 1855 992 1953 pertentavit,
1011 1854 1072 1929 sed
1087 1854 1169 1929 satis
1187 1854 1252 1926 ha-

185 1974 267 2050 buit
281 1986 528 2072 argumentum
547 1957 727 2051 summum
740 1977 891 2076 jocando
909 1976 1134 2075 percurrisse.
1161 1975 1249 2061 Quid

187 2098 304 2196 qnod,
322 2098 416 2196 apud
440 2098 614 2174 Gallicum
634 2100 859 2198 scriptorem,
876 2098 1044 2189 Auaritia,
1063 2097 1118 2173 cui
1137 2097 1252 2172 horni-

188 2240 273 2293 nem
292 2219 335 2292 ad
353 2219 649 2316 proficiscendum
668 2219 848 2316 impellere
866 2218 1037 2293 sententia
1055 2229 1123 2308 est,
1149 2240 1253 2314 ergn-

188 2354 307 2418 menta
329 2344 427 2421 aliert
445 2344 627 2443 (miserum
646 2345 776 2419 victum
801 2344 879 2418 dico
898 2354 931 2418 et
950 2343 1098 2418 haeredis
1116 2343 1252 2436 curam)

191 2467 234 2542 nd
253 2491 335 2543 eum
357 2468 401 2542 ab
429 2469 555 2544 itinere
584 2469 737 2545 ineundo
763 2467 981 2543 avocandum
1008 2466 1253 2563 multomagis

191 2590 338 2665 idonea‘l
355 2591 420 2665 Hic
438 2603 635 2682 auctorem,
653 2615 722 2666 non
743 2613 927 2691 personam
944 2589 1039 2687 loqui
1058 2589 1162 2664 nimis
1179 2611 1254 2662 ma·

192 2711 355 2786 nilestnm
370 2723 432 2786 est.
445 2711 535 2797 Quid
550 2713 645 2808 quod
658 2712 895 2786 Ambitionem
909 2711 943 2783 in
960 2709 1121 2784 Luxuriae
1135 2709 1254 2782 locum

192 2836 337 2926 sufficit,
363 2859 440 2933 qnae
462 2834 573 2911 multo
600 2836 780 2910 interiores
808 2835 878 2930 agit
903 2844 1035 2931 partes,
1058 2831 1137 2930 quia
1163 2832 1254 2906 inter

192 2981 268 3033 eam
286 2971 322 3033 et
336 2959 523 3033 Avaritiam
552 2959 689 3033 nullum
717 2969 890 3032 certamen
920 2956 1089 3044 exoritur,
1113 2966 1147 3028 et
1173 2953 1254 3050 quia

145 3096 148 3102 ’
190 3080 280 3155 intra
300 3080 409 3156 altum
428 3105 464 3157 se
481 3093 574 3157 tenet
590 3081 791 3155 silentium?
806 3079 895 3165 Quid
916 3079 1009 3174 quod
1028 3097 1066 3150 ex
1082 3076 1124 3149 iis
1143 3074 1255 3149 omni-

190 3205 256 3281 bus
271 3230 350 3304 quae
367 3205 452 3281 dixit
475 3207 524 3282 sic
538 3207 673 3303 egregie
693 3204 824 3300 colligit
840 3202 1001 3277 Persius:

298 3394 337 3451 En
353 3393 420 3465 quid
432 3392 510 3464 agis?
523 3391 625 3463 duplici
639 3391 666 3447 in
679 3389 817 3446 diversum
832 3384 966 3443 scindaris
980 3384 1076 3472 hamo:

300 3495 441 3551 Hunccine
455 3507 489 3549 an
503 3491 576 3549 hunc
590 3487 734 3560 sequeris?
748 3487 853 3545 subeas
869 3486 992 3542 alternus
1006 3485 1114 3553 oportet

301 3591 418 3662 Ancipiti
430 3589 563 3660 obsequio
578 3587 716 3658 dominos,
733 3571 856 3641 alternus
872 3581 993 3638 oberres.

242 3741 296 3816 Me
312 3764 382 3816 non
400 3742 483 3816 latet
494 3741 643 3816 Romani
656 3750 765 3838 poetae
779 3737 918 3812 dicendi
934 3756 1043 3833 genus
1059 3727 1254 3828 interdum,

193 3887 236 3940 ne
255 3866 370 3940 dicam
389 3888 496 3963 saepe,
515 3888 589 3940 esse
607 3865 817 3951 obscurum,
836 3861 1036 3960 spinosum,
1052 3855 1199 3939 durum,
1218 3858 1253 3923 et

193 4015 211 4064 e
227 3991 417 4064 stoicorum
434 3989 615 4088 disciplina
635 3989 709 4063 haec
725 3988 819 4075 vitia,
838 3985 963 4059 veluto
979 3983 1091 4066 l'onte,
1111 3974 1254 4092 forsitan

234 4277 239 4311 ¹
255 4275 327 4332 l‘cl’s.
343 4279 412 4344 tlte,
427 4288 449 4330 v.
468 4277 526 4329 tlt.
