3042 5086
677 869 857 1104 OET
880 869 937 945 XI.
1132 913 1137 920 -

502 1047 549 1102 nn
566 1047 675 1103 nomn
849 1045 983 1103 rumis
998 1044 1150 1102 srmcos.

343 1271 440 1347 Nihil
467 1281 527 1346 aut
551 1273 684 1372 patenti
708 1293 814 1371 snper
839 1293 903 1346 nos
930 1269 1034 1360 coelo,
1058 1278 1121 1370 aut
1146 1266 1360 1342 intima-no-

293 1396 348 1472 bis
373 1397 521 1487 virtute,
547 1396 732 1496 pulchrius
760 1419 836 1472 esse
860 1397 1024 1472 censebat
1052 1393 1240 1494 praeclarns
1268 1392 1360 1491 apud

294 1517 488 1592 Germanos
506 1519 747 1617 philosophus.
772 1517 845 1594 Nec
871 1518 1009 1617 injuria.
1033 1517 1080 1592 Ut
1105 1517 1199 1591 enim
1222 1538 1262 1588 ex
1286 1537 1360 1589 om-

294 1639 395 1714 nium
414 1662 590 1715 concursu
603 1640 776 1731 siderum,
789 1642 853 1716 uni
866 1641 1049 1740 eidemque
1067 1640 1133 1737 legi
1150 1627 1359 1738 parentium,

294 1762 443 1838 coelestis
460 1764 519 1839 ille
542 1765 582 1839 fit
608 1765 711 1858 ordo,
730 1789 837 1865 quem
863 1788 967 1842 nemo
986 1777 1038 1841 est
1061 1766 1120 1865 qui
1144 1786 1358 1860 nonmagna

293 1894 411 1958 motus
437 1884 667 1962 admiratione
695 1888 879 1986 suspiciat;
905 1887 957 1961 sic
986 1910 1005 1962 e
1032 1887 1168 1962 cunctis
1194 1885 1358 1959 humanae

291 2003 369 2080 vitae
386 2004 563 2102 partibus,
590 2006 714 2081 eodem
744 2030 814 2081 una
844 2007 979 2081 ratione
1003 2007 1092 2082 duce
1119 2001 1357 2090 tendentibus,

292 2130 367 2205 haec
385 2129 536 2205 efficitur
554 2143 588 2206 et
608 2132 782 2206 conflatur
797 2132 999 2224 concordia,
1018 2154 1124 2231 quam
1148 2129 1358 2227 divinoque

292 2252 374 2326 darn
392 2253 536 2328 nomine
558 2254 723 2329 virtutem
741 2255 926 2352 appellant.
955 2255 1021 2330 Hic
1042 2255 1146 2329 etiam
1164 2252 1275 2327 mirus
1294 2253 1358 2326 hu·

293 2399 479 2452 manarum
494 2400 613 2452 rerum
632 2400 825 2453 consensus
843 2401 884 2453 eo
899 2379 1010 2474 magis
1025 2377 1076 2452 illi
1091 2375 1189 2451 alteri
1203 2384 1358 2473 praestat,

294 2496 410 2592 quod,
425 2519 497 2570 non
513 2496 557 2572 ab
575 2497 791 2573 ineluctabili
809 2499 962 2596 quodam
979 2500 1066 2589 sato,
1082 2497 1142 2573 scd
1156 2495 1199 2571 ab
1217 2495 1358 2569 homine

291 2617 401 2693 libero
420 2629 454 2695 et
469 2629 605 2710 erecto,
624 2643 664 2695 ac
685 2621 762 2694 vitae
781 2620 1045 2720 tempestatibus
1065 2618 1259 2705 obnitente,
1277 2639 1358 2715 pro-

290 2744 470 2820 ficiscitur.
489 2743 637 2819 Nullum
664 2755 717 2819 est
741 2747 836 2821 enirn
863 2746 1126 2844 spectaculum,
1149 2755 1189 2818 ut
1205 2743 1248 2816 ab
1275 2742 1359 2840 ipsis

290 2868 409 2944 stoicis
427 2868 710 2944 animadversum
725 2881 794 2961 est,
814 2880 873 2945 aut
888 2871 1021 2968 majus,
1039 2879 1100 2944 aut
1116 2867 1187 2944 Deo
1201 2865 1357 2962 dignius,

290 2993 363 3068 viro
382 2993 488 3069 rebus
507 3015 588 3068 curn
608 2993 760 3070 adversis
778 2995 997 3092 confligente.

293 3161 296 3170 ·
338 3115 459 3213 Itaque
491 3115 673 3192 Cornelius
702 3117 778 3208 ille,
809 3117 870 3216 qui
902 3114 1139 3190 immortalem
1169 3112 1207 3187 in
1236 3110 1359 3186 litteris
1399 3107 1416 3128 ’

289 3237 385 3333 genti
410 3250 539 3313 nostrae
567 3240 779 3336 compararit
808 3238 975 3335 gloriam,
1006 3261 1135 3336 quum,
1167 3235 1299 3310 Seneca
1325 3243 1361 3308 et

289 3357 432 3434 Lucano
451 3358 566 3449 lectis,
584 3360 712 3450 stoice,
730 3361 855 3448 idest,
883 3362 1017 3435 sortiter
1035 3372 1070 3434 et
1094 3381 1262 3457 generose
1280 3381 1358 3433 sen-

288 3476 354 3550 tire
372 3479 550 3575 coepisset,
566 3503 695 3555 novum
714 3492 748 3556 et
761 3506 851 3580 pene
868 3483 1068 3557 inauditum
1084 3481 1242 3556 condidit
1258 3481 1359 3580 labu-

289 3596 406 3672 larum
424 3619 553 3693 genus,
568 3599 605 3672 in
620 3603 749 3699 quibus
765 3604 902 3678 induxit
915 3604 1050 3679 nobiles
1066 3615 1099 3679 ct
1115 3605 1359 3701 magnanimos

288 3719 399 3810 viros,
418 3720 497 3817 qui,
526 3722 691 3798 omnibus
720 3727 869 3824 pulchro
896 3737 929 3801 et
955 3729 1102 3802 honesto
1128 3728 1358 3824 posthabitis,

290 3850 489 3914 constanter
506 3855 753 3939 responsarent
774 3846 845 3920 suis
873 3847 1119 3944 cupidinibuS‚
1138 3858 1172 3920 et
1195 3847 1359 3922 homines

291 3958 488 4035 incredibili
507 3961 662 4058 quodam
679 3964 815 4040 virtutis
843 3989 961 4041 amore
986 3967 1229 4043 accenderent.
1258 3968 1359 4053 Quod

290 4080 319 4153 si
346 4104 400 4156 res
427 4083 531 4181 paulo
558 4085 676 4161 minus
705 4110 871 4186 prospere
900 4091 993 4188 apud
1023 4090 1201 4165 Romanos
1234 4092 1357 4181 cessit,

292 4225 362 4278 non
379 4204 480 4281 stoici
497 4220 580 4284 sunt
603 4210 681 4284 ideo
700 4212 908 4302 accusandi;
927 4236 997 4287 non
1022 4213 1115 4287 enirn
1139 4223 1276 4288 tantum
1296 4214 1355 4289 de-
