3002 5084
637 547 702 621 111

139 689 199 764 det
216 689 276 786 qui
295 713 314 764 a
333 701 434 788 poeta
455 703 493 764 ut
519 701 630 766 totum
650 714 778 790 ponere
804 694 892 769 sciat
909 709 989 770 ante
1013 696 1132 772 omnia
1151 721 1207 772 ex-

139 821 301 908 poscunt.

188 934 294 1025 Fine,
318 934 362 1009 ad
380 957 486 1032 quem
508 959 630 1013 omnes
648 938 810 1014 homines
832 949 989 1038 spectare
1007 950 1042 1015 et
1065 940 1128 1015 niti
1147 941 1208 1017 de-'

140 1056 265 1148 beant,
285 1058 393 1134 semel
407 1061 547 1136 decreto
561 1073 596 1138 et
614 1064 819 1153 constituto,
837 1064 979 1139 Persius
997 1064 1121 1162 quaerit
1139 1087 1208 1162 quo

138 1180 253 1278 reipsa
283 1180 441 1277 plerique
469 1181 629 1272 tendant,
658 1194 693 1258 et
719 1207 778 1260 eos
807 1186 933 1260 acriter
962 1187 1073 1284 tangit
1097 1188 1157 1284 qui
1189 1211 1206 1262 a

139 1314 236 1379 recta
252 1303 432 1379 declinant
446 1305 510 1380 via.
535 1306 624 1382 Cum
641 1318 799 1383 nostrum
818 1332 1108 1408 unumquemque
1127 1333 1210 1384 con·

139 1430 320 1505 venienter
337 1439 471 1505 naturae
487 1439 521 1504 et
539 1431 665 1508 rationi
683 1433 794 1508 vivere
812 1444 983 1532 oporteat,
1004 1433 1088 1533 quid
1107 1435 1150 1508 de
1168 1434 1210 1510 iis

138 1552 373 1650 scriptoribus
391 1551 664 1628 existimandum
683 1565 756 1644 est,
782 1555 842 1653 qui
864 1555 990 1631 rationi
1018 1565 1052 1630 et
1078 1566 1212 1630 naturae

139 1677 315 1752 contraria
340 1700 481 1776 semper
507 1679 676 1778 aucupari
707 1678 892 1755 videntur?
918 1680 1007 1756 Corn
1037 1693 1160 1756 natura
1179 1694 1213 1756 et

140 1796 229 1871 ratio
245 1796 347 1872 nobis
366 1797 554 1888 suadeant,
572 1798 624 1872 vel
640 1799 757 1896 potius
770 1800 960 1898 imperent,
978 1810 1018 1874 ut
1027 1801 1162 1898 justitia
1178 1812 1213 1876 et

139 1918 325 1994 sanctitate
342 1919 497 2018 placatos
514 1919 706 1996 efficiamus
721 1921 824 2012 deos,
838 1921 923 2018 quid
939 1921 980 1996 de
994 1921 1036 1995 iis
1052 1922 1211 1997 censebi-

101 2037 124 2072 '‘
140 2064 220 2116 mus
240 2041 301 2138 qui
325 2042 407 2116 deos
426 2043 597 2139 sanguine
616 2053 650 2118 et
667 2044 752 2118 extis
773 2043 961 2119 vitulorum
980 2044 1101 2118 volunt
1124 2067 1211 2140 quo-

140 2165 331 2241 dammodo
350 2169 597 2266 corrumpere?
614 2168 746 2260 Natura
774 2180 808 2242 et
830 2168 963 2242 ratione
978 2168 1098 2266 juveni
1123 2192 1211 2266 prae·

140 2289 353 2387 cipientibus
372 2301 412 2365 ut
428 2314 447 2367 e
465 2290 585 2366 schola
603 2313 710 2387 quam
726 2290 1006 2388 sapientissimus
1022 2291 1159 2377 evadat,
1178 2303 1212 2366 et

140 2408 225 2500 sibi,
256 2409 477 2507 parentibus
509 2409 648 2508 patriae,
678 2433 785 2507 quam
815 2410 967 2484 maximo
998 2410 1042 2484 sit
1071 2411 1210 2486 emolu-

141 2543 278 2624 mento,
297 2532 381 2632 quid
407 2533 450 2608 de
477 2554 517 2608 eo
544 2557 683 2633 sperare
709 2557 898 2633 possumus
926 2534 1115 2633 quiritem
1143 2535 1212 2632 agit

142 2679 267 2732 somno
285 2666 320 2732 61
336 2657 427 2756 gulae
446 2657 602 2749 deditus,
621 2670 724 2757 atque
746 2659 783 2732 in
810 2659 904 2757 turpi
930 2668 1047 2757 stupet
1063 2658 1213 2732 inertia?

142 2781 191 2856 Ita
207 2781 369 2872 Persius,
388 2804 450 2857 seu
467 2782 508 2857 de
524 2782 647 2858 litteris
664 2783 837 2872 colendis
854 2806 917 2859 seu
935 2783 978 2857 de
997 2783 1212 2858 honorandis

144 2902 370 2994 numinibus,
388 2927 450 2980 seu
469 2905 511 2980 de
530 2906 648 3004 pueris
666 2905 890 2980 instituendis
907 2905 1079 2981 disserere
1097 2930 1211 3003 coepe·

142 3025 205 3117 rit,
222 3049 361 3127 semper
375 3051 515 3103 summa
530 3030 691 3127 quaedam
710 3029 847 3103 decreta
861 3039 895 3103 et
907 3028 1065 3102 instituta
1081 3051 1210 3126 ponere

142 3147 247 3238 solet,
264 3148 377 3240 unde,
391 3149 496 3225 veluti
511 3148 723 3248 quibusdam
742 3173 761 3224 e
779 3149 955 3240 sontibuS,
974 3160 1095 3225 caetera
1116 3171 1210 3245 quae-

143 3270 228 3346 libet
246 3272 420 3346 oriuntur.

190 3398 269 3472 Non
285 3396 350 3473 alia
370 3421 456 3472 usus
469 3407 521 3472 est
536 3398 738 3496 disputandi
761 3397 914 3488 ratione,
934 3418 1015 3471 cum
1032 3395 1074 3471 de
1093 3394 1211 3494 publi·

143 3521 192 3595 cis
209 3521 314 3596 rebus
333 3522 472 3620 scripsit
490 3533 608 3597 noster
621 3534 738 3621 poeta:
761 3520 889 3619 quippe
904 3520 964 3617 qui
984 3518 1091 3617 probe
1109 3519 1211 3594 intei-

143 3641 282 3716 lexisset
297 3642 463 3717 eumdem
486 3641 673 3716 hominum
700 3641 877 3730 societati,
896 3640 956 3738 qui
982 3639 1128 3736 singulis
1148 3639 1211 3713 ho-

143 3765 299 3840 minibus
331 3775 403 3854 661,
436 3764 604 3862 assignari
636 3767 762 3855 finem,
796 3774 831 3838 61
855 3761 979 3837 iisdem
1006 3761 1209 3848 virtutibus

143 3885 272 3981 quibus
287 3886 464 3984 perfectus
483 3885 633 3960 efficitur
650 3885 754 3975 civis,
770 3885 960 3983 perfectam
983 3881 1074 3956 effici
1094 3881 1212 3956 civita-

142 4020 225 4086 tem.
247 4010 368 4108 Itaque
386 4009 539 4084 hominis
559 4010 730 4108 cujusque
748 4010 855 4084 finem
874 4005 1046 4082 nescienti
1063 4005 1106 4080 de
1130 4005 1212 4079 civi-

142 4132 186 4207 lis
205 4132 470 4208 communitatis
499 4133 569 4207 fine
598 4132 774 4207 silendum
803 4140 865 4204 est.
896 4125 1211 4217 ldemsentiebac

145 4255 238 4354 apud
257 4265 406 4347 veteres,
423 4255 543 4347 Plato,
562 4255 641 4352 qui,
668 4254 702 4329 in
722 4252 850 4347 Gorpio
873 4251 1052 4325 Socratem
1073 4248 1210 4324 inducit
1261 4315 1272 4340 ,
