3002 5084
597 519 668 592 las

91 657 234 742 sedem,
251 668 284 730 et
301 680 339 730 ex
353 681 390 731 ea
407 659 571 756 pleraque
585 661 781 735 fabularum
799 663 873 761 ejus
887 665 965 737 vilia
979 665 1160 740 ellluxisse.

89 775 181 852 lnde
209 778 284 852 haec
313 780 486 856 celebrata
512 804 552 857 ac
576 783 654 858 trita
679 783 753 882 ejus
782 783 1011 884 interpretum
1039 787 1163 878 verba,

89 899 195 994 quasi
221 900 466 976 cothurnatam
498 903 532 977 in
558 926 599 979 eo
624 905 796 980 dominari
820 907 1100 1007 philosophiam,
1129 922 1163 984 et

88 1043 262 1116 personas
280 1025 351 1097 lere
369 1047 509 1115 omnes,
529 1050 615 1124 quas
640 1026 776 1104 inducit
796 1029 831 1103 in
856 1052 1016 1120 scenam,
1038 1031 1162 1104 stoico-

86 1169 170 1218 rum
190 1157 307 1244 partes
330 1171 440 1244 agere.
464 1150 565 1240 Quae,
588 1162 715 1227 utnon
735 1152 880 1226 omnino
899 1151 1069 1242 lalsa,sic
1090 1174 1159 1225 non

86 1267 237 1341 omnino
266 1291 343 1342 vera
372 1293 446 1344 esse
477 1270 645 1345 existimo.
679 1271 806 1345 Fateor
835 1271 997 1369 equidem
1025 1271 1159 1346 nullam

90 1409 202 1484 prope
233 1388 325 1484 apud
347 1389 516 1464 Senecam
543 1413 618 1464 esse
641 1411 848 1486 personam,
867 1413 945 1487 quae
971 1390 1160 1464 sententias

85 1527 126 1580 ex
156 1508 279 1583 intima
311 1509 459 1585 Zenonis
491 1511 673 1610 disciplina
702 1512 927 1609 depromptas
955 1512 1069 1584 verbis
1096 1510 1159 1584 ali-

86 1629 231 1722 quando
262 1652 333 1703 nen
361 1631 530 1728 proserat3
560 1631 620 1706 sed
650 1631 879 1729 paucissimas
905 1653 1044 1728 queque
1065 1631 1157 1729 apud

84 1753 254 1826 eumdem
274 1777 336 1851 pro
352 1766 447 1830 certo
474 1755 585 1830 habeo
604 1778 678 1831 esse
698 1778 885 1853 personas,
904 1777 983 1853 quae
1000 1756 1043 1829 ad
1072 1755 1156 1828 stei-

87 1898 214 1950 corum
238 1900 314 1952 sese
340 1879 506 1976 affingant
523 1891 712 1978 praecepta,
743 1902 936 1976 eorumque
963 1880 1155 1977 sapientem

86 2000 136 2073 vel
156 2001 341 2098 paululum
366 2003 524 2078 moribus
548 2005 708 2077 reserant.
734 2003 824 2088 Quin
844 2003 946 2075 etiam
973 2012 1065 2090 acta,
1086 2024 1154 2074 non

91 2118 196 2210 dicta,
216 2121 468 2210 consideranti,
492 2122 585 2218 quod
611 2123 646 2195 in
671 2143 775 2219 opere
796 2121 837 2195 ad
857 2121 1032 2217 agendum
1059 2143 1156 2196 cem-

88 2245 200 2341 posito
224 2245 319 2319 haud
345 2245 461 2343 inepte
478 2245 553 2319 fieri
577 2257 708 2342 potest,
740 2245 827 2318 nihil
851 2245 939 2319 reris
964 2245 1153 2319 stoicorum

87 2364 256 2440 institutis
270 2366 445 2441 videbitur
458 2366 728 2465 repugnantius,
744 2389 850 2462 quam
865 2365 918 2438 hae
932 2366 1073 2440 Senecae
1087 2375 1150 2438 tra-

7 2585 8 2588 *
85 2485 211 2579 goediae
228 2486 366 2575 stoieae,
385 2508 497 2583 usque
515 2487 558 2561 ad
574 2487 640 2560 hoc
659 2496 817 2584 tempus,
835 2486 972 2560 habitae.

134 2607 227 2682 Zeno
246 2608 355 2706 etqui
373 2632 453 2682 eum
471 2609 596 2683 ducem
612 2609 723 2682 secuti
738 2610 880 2682 luerunt
895 2609 963 2682 hoe
979 2617 1058 2684 ante
1077 2633 1153 2684 om-

84 2730 142 2804 nia
159 2742 402 2830 praeceperunt
420 2731 623 2806 hominibus
642 2732 703 2828 qui
721 2731 894 2829 sapientes
911 2731 1039 2805 vellent
1058 2733 1152 2820 fieri,

84 2864 125 2925 ut
149 2853 275 2926 rationi
306 2852 551 2926 convenienter
572 2852 743 2941 viverent,
771 2853 914 2950 ejusque
940 2852 1085 2948 imperio
1112 2876 1152 2926 ac

83 2974 244 3071 potestati
260 2973 460 3064 libidinem,
474 2974 575 3064 iram,
589 2974 742 3069 aliasque
756 2973 862 3046 animi
877 2972 1059 3069 cupidines
1070 2973 1150 3047 sub-

83 3093 290 3167 mitterent:
320 3094 489 3168 rationem
517 3093 610 3166 enim
634 3115 715 3167 eum
741 3092 831 3179 Dee,
858 3093 1040 3190 cupidines
1067 3116 1149 3167 curn

83 3219 208 3293 belluis
234 3219 335 3294 nobis
353 3241 427 3294 esse
446 3239 662 3293 communes.
684 3217 803 3312 ltaque
827 3216 1025 3313 Epictetus,
1041 3215 1149 3290 Anto-

83 3344 207 3434 ninus,
223 3344 398 3442 ceterique
414 3343 531 3440 magni
548 3342 628 3432 viri,
646 3341 831 3437 dequibus
847 3339 970 3413 merito
988 3339 1149 3414 Porticus

83 3466 266 3562 gloriatur,
283 3467 523 3555 continentiae,
543 3464 735 3563 patientiae,
755 3463 973 3560 aliarumque
989 3463 1148 3537 omnium

82 3585 251 3660 virtutum
271 3586 406 3682 egregia
435 3586 627 3684 specimina
647 3585 797 3658 suerunt.
821 3583 948 3673 Porro,
976 3583 1149 3680 pleraeque

83 3717 194 3801 poetae
221 3707 331 3780 nestri
358 3731 533 3805 personae,
558 3732 625 3783 non
656 3707 760 3781 mede
789 3729 899 3781 caecos
923 3729 992 3780 nen
1012 3706 1149 3779 frenant

83 3829 190 3903 animi
205 3829 373 3927 impetus,
389 3830 449 3903 sed
465 3830 514 3903 eis
532 3831 739 3919 efferuntur;
756 3829 1021 3904 debacchantur
1037 3851 1077 3900 ac
1093 3828 1108 3898 l
1131 3869 1146 3882 ·

82 3961 174 4039 runt,
189 3951 319 4024 nedum
333 3950 459 4024 rationi
477 3950 736 4048 obtemperent;
752 3949 852 4022 itaut
868 3949 1037 4022 Senecam
1049 3946 1145 4020 dicas

83 4077 271 4150 credidisse
290 4077 450 4151 homines
474 4098 514 4150 eo
541 4098 616 4149 esse
639 4075 875 4171 majoresque
894 4074 1004 4170 magis
1023 4096 1040 4146 a
1067 4088 1143 4146 vera

81 4197 266 4272 hominum
290 4210 413 4273 natura
441 4198 625 4287 recedant,
650 4209 683 4271 et
710 4218 779 4269 nen
806 4197 842 4269 in
865 4195 998 4282 divina,
1022 4194 1081 4268 sed
1106 4194 1141 4267 in
