3042 5086
675 499 722 572 63

164 639 286 713 medio
306 639 340 712 in
365 638 511 728 aethere,
530 639 587 714 alii
605 641 733 716 aethere
754 641 820 716 suh
847 643 917 714 imo
945 651 979 716 et
1001 641 1092 715 circa
1109 641 1230 716 orbem

167 763 263 836 lnnae
281 761 420 859 piorum
437 763 536 837 sedes
554 786 594 838 ac
618 764 795 839 domicilia
814 764 1079 839 collocaverunt.
1105 765 1145 839 ln
1164 766 1230 840 hac

165 878 428 974 magnificentia
448 903 567 955 rerum
585 881 694 956 animi
719 882 892 973 illustres,
916 905 1004 982 puro
1027 882 1230 958 circumfusi

165 1003 322 1091 lumine,
354 1004 445 1077 inter
477 1027 514 1078 se
542 1004 700 1102 jucunde
736 1005 1004 1103 colloquuntur,
1035 1004 1230 1079 coelestium

165 1135 370 1200 scrutantur
393 1149 531 1218 causeo,
553 1139 646 1203 ratos
665 1129 839 1203 mirantur
856 1127 1012 1203 siderum
1039 1150 1180 1217 cursus,
1198 1140 1232 1202 et

165 1245 201 1318 in
221 1245 276 1319 his
291 1246 455 1320 omnibus
473 1247 754 1345 contemplandis
773 1233 909 1346 ponunt
925 1271 1102 1324 summam
1126 1247 1232 1324 lelici-

167 1380 284 1444 tatem.
304 1369 393 1457 Quid
412 1373 507 1446 enirn
526 1385 586 1448 aut
614 1373 758 1449 homine
783 1386 844 1447 aut
870 1373 935 1448 deo
961 1373 1100 1471 dignius
1124 1397 1229 1473 quam

166 1518 284 1569 rerum
300 1495 451 1592 cognitio
468 1505 501 1570 et
519 1497 690 1570 scientia?

214 1616 375 1690 Profecto
393 1617 461 1691 hoo
478 1617 554 1690 vitae
566 1639 677 1715 genus
696 1628 832 1692 nonest
847 1617 883 1692 id
902 1619 996 1716 quod
1015 1617 1125 1716 poetis
1143 1640 1231 1717 prae·

170 1737 248 1812 bere
264 1750 368 1835 queat
382 1762 545 1836 magnam
559 1740 753 1816 ubertatem
773 1749 807 1814 et
824 1740 923 1837 quasi
937 1741 1057 1815 silvam
1074 1739 1229 1831 dioendi;

167 1859 297 1954 primo,¹
324 1859 405 1956 quia
429 1881 568 1958 semper
596 1859 662 1935 sibi
692 1871 814 1957 paret
840 1861 1009 1958 aequabile
1036 1869 1103 1952 est3
1130 1859 1229 1948 dein,

166 1979 260 2074 quod
278 1980 402 2070 homo,
417 2002 499 2054 cum
518 1979 563 2054 sit
581 1989 718 2054 terreno
737 1980 804 2054 hoc
823 2002 969 2079 corpore
986 1987 1163 2076 gravatus,
1177 1977 1229 2050 vix

165 2099 292 2194 gaudia
307 2100 350 2173 ab
368 2099 462 2173 omni
483 2100 706 2174 concretione
722 2099 875 2174 materiae
889 2109 1064 2196 segregata
1083 2097 1149 2172 sibi
1168 2099 1231 2171 fin·

165 2218 225 2312 git.
242 2217 421 2308 Attamen,
437 2241 520 2293 cum
540 2242 600 2316 per
615 2241 651 2292 se
670 2218 816 2314 pulchra
834 2219 880 2291 sit
896 2219 962 2292 vita
979 2216 1181 2316 hujusmodi
1197 2225 1231 2290 et

165 2337 316 2411 maxime
332 2339 457 2411 rationi
474 2348 727 2426 consentanea,
744 2337 916 2426 versibus,
936 2336 1055 2434 paucis
1070 2336 1231 2433 quidem,

166 2456 312 2532 sednon
331 2457 565 2555 ignobilibuS,
580 2457 645 2531 luit
662 2457 850 2557 descripta.

213 2579 404 2676 Postquam
429 2580 619 2655 candidum
646 2580 747 2654 illum
779 2579 915 2669 orbem,
949 2603 1054 2678 quam
1083 2580 1228 2656 lacteam

166 2701 256 2774 viam
274 2702 473 2793 nominant,
498 2702 681 2800 descripsit
699 2702 878 2794 Manilius,
895 2726 1000 2800 quam
1024 2702 1068 2777 ob
1088 2725 1249 2784 causam,

145 2820 242 2894 ,haec
260 2820 446 2920 parscoali
472 2824 572 2918 quasi
590 2820 700 2896 lacteo
725 2823 831 2897 tincta
859 2823 962 2896 fuerit
982 2824 1097 2897 colore
1116 2823 1231 2897 ourio-

166 2942 240 3016 sius
258 2943 416 3040 exquirit.
435 2943 532 3018 Scire
551 2943 630 3017 velit
648 2954 784 3034 utrum,
809 2944 1037 3018 Phaethontis
1053 2968 1158 3019 curru
1174 2969 1231 3018 va-

166 3075 270 3161 gante
301 3088 363 3163 pen
392 3066 563 3140 immensa
591 3066 729 3140 aetheris
759 3067 887 3162 spatia,
917 3066 1030 3140 sidera
1056 3065 1231 3141 horrendo

167 3188 330 3263 incendio
346 3189 584 3286 flagraverint,
606 3189 801 3285 veterisque
825 3210 926 3262 casus
948 3187 1071 3261 laniem
1093 3188 1230 3263 cinerea

167 3313 283 3410 specie
299 3313 414 3387 adhuc
432 3313 600 3403 reserant;
620 3336 661 3386 an
683 3315 775 3410 (qnae
790 3313 880 3385 fama
897 3321 948 3385 est
962 3309 1113 3406 mollior)
1133 3310 1231 3386 niveo

168 3457 187 3509 e
206 3447 345 3533 pectore
362 3436 511 3510 lunonis
529 3435 659 3511 lacteus
678 3433 793 3531 liquor
817 3434 954 3509 fluxerit
976 3444 1010 3508 et
1035 3434 1151 3509 colore
1167 3456 1231 3508 suo

170 3553 231 3627 has
252 3553 421 3629 sublimes
437 3554 595 3629 infecerit
611 3554 781 3650 regiones.
806 3553 874 3628 Sed
898 3553 941 3627 ad
956 3553 1142 3628 severiores
1158 3575 1232 3628 eas-

170 3675 320 3774 demque
337 3676 596 3752 verisimiliores
626 3678 777 3752 deflexus
801 3677 1046 3773 cogitationeS,
1064 3688 1156 3752 vates
1174 3699 1232 3775 po·

169 3802 237 3876 tius
256 3801 446 3877 arbitratur
464 3802 688 3877 densissimas
715 3802 764 3877 ibi
792 3812 974 3898 congestas
1001 3823 1076 3875 esse
1100 3800 1231 3890 stellae,

169 3941 246 4015 qnae
265 3918 391 3994 collato
410 3920 543 4017 lulgore
562 3921 674 3995 nitent
697 3931 731 3994 et
756 3920 923 4008 candent,
943 3920 1105 4016 hancque
1123 3918 1232 3992 maxi·

169 4044 256 4132 mis,
275 4044 335 4140 qui
358 4066 514 4141 unquam
533 4045 690 4133 luerunt,
709 4044 835 4118 animis
859 4044 1089 4118 clarissimam
1112 4041 1230 4117 sedem

169 4163 275 4238 luisse
293 4163 491 4262 sepositam.
520 4163 603 4248 Qua
621 4163 789 4236 sententia
810 4163 916 4236 Musis
934 4163 1018 4235 adeo
1039 4185 1106 4235 non
1128 4184 1231 4261 repu-
