3042 5086
678 521 725 594 57

164 668 209 742 de
226 668 364 741 Oceano
382 664 498 755 finxit,
517 686 652 755 versor,
668 687 756 762 quos
774 665 816 740 de
838 666 926 738 coelo
944 665 1102 740 condidit
1119 665 1229 742 Mani·

164 789 253 876 lius,
272 790 341 863 iere
357 787 600 886 opposuerim:

274 976 347 1044 Quot
359 978 423 1045 post
436 974 571 1032 excidium
585 975 673 1045 Trojae
687 978 754 1033 suut
767 980 845 1032 eruta
858 974 962 1046 regua?

273 1072 345 1138 Quot
358 1069 430 1140 capti
446 1068 561 1140 popuii?
576 1070 686 1139 quoties
698 1069 810 1128 fortuna
822 1085 872 1141 per
885 1070 978 1128 orbem

269 1166 414 1223 Servitium
429 1167 626 1237 imperiumque
641 1167 716 1236 tulit,
730 1167 860 1238 varieque
874 1167 1006 1226 revertit?

270 1263 403 1332 Troianos
417 1263 525 1319 eineres
538 1262 565 1319 iu
580 1267 713 1335 quantum
727 1263 812 1320 oblita
825 1263 924 1320 referit

269 1357 433 1428 imperium?
445 1359 520 1415 Fatis
533 1359 603 1438 Asiae
613 1361 670 1430 jam
683 1359 788 1417 Graeciu
802 1373 899 1431 pressa
912 1362 964 1416 est.

272 1451 379 1509 Saeeula
391 1451 564 1510 dinumerare
579 1452 669 1525 piget,
681 1453 844 1524 quotiesque
856 1468 1003 1512 recurrens

269 1546 404 1602 Lustrarit
417 1545 547 1606 muudum
561 1545 636 1602 vario
650 1547 692 1602 soi
705 1547 803 1617 igneus
816 1547 891 1605 orbe.

268 1637 365 1694 Omnia
376 1637 486 1693 mortali
499 1642 640 1694 mutantur
652 1638 712 1709 tege
727 1643 832 1710 ereata,

258 1731 322 1814 Nec
339 1745 369 1788 se
383 1735 558 1804 cognoscunt
568 1737 649 1789 terrae
664 1735 835 1792 vertentibus
848 1735 937 1792 aunis.

265 1925 300 1981 dt
313 1929 404 1981 manet
416 1924 563 1982 incolumis
578 1927 710 1998 muudus,
725 1942 830 1999 suaque
845 1928 936 1985 omnia
951 1933 1057 1995 servat,

265 2021 331 2087 Quae
345 2034 396 2078 uec
408 2020 492 2092 ionga
506 2021 567 2078 dies
579 2025 674 2094 auget,
688 2023 842 2094 minuitque
856 2029 995 2082 senectus.
1146 2024 1148 2028 ’

268 2214 341 2270 idern
356 2228 465 2286 semper
481 2215 546 2288 erit,
561 2217 691 2287 quoniam
704 2231 813 2289 semper
824 2218 876 2275 tuit
890 2220 970 2277 idem.

268 2310 327 2369 Non
341 2309 424 2369 atium
438 2312 529 2370 videre
544 2316 650 2384 patres,
665 2312 782 2370 aliumve
795 2317 911 2384 nepotes

266 2406 433 2479 Adspicieut.
447 2410 591 2482 deusest,
605 2409 652 2480 qui
666 2415 856 2469 commutatur
870 2413 897 2469 in
910 2425 968 2470 aevo
979 2411 995 2468 ¹.

587 2752 734 2830 CAPUT
757 2754 798 2829 X.

200 2924 247 2978 uu
263 2916 383 2978 neuun
399 2923 443 2978 ur
460 2895 644 2979 mundaum
661 2925 744 2979 mnu
761 2924 856 2980 eruo
874 2924 1008 2980 neurus
1027 2923 1178 2980 suemus.

206 3104 285 3180 Non
304 3104 421 3180 miuus
449 3105 490 3179 de
513 3105 583 3180 fine
601 3128 709 3202 quem
737 3105 779 3179 de
805 3105 978 3204 principio
1003 3104 1104 3180 etde
1131 3105 1224 3202 regi-

158 3229 254 3303 mine
271 3251 390 3303 rerum
418 3251 437 3302 a
462 3227 679 3326 philosophis
704 3227 890 3325 quaesitum
913 3237 975 3302 est.
1000 3227 1111 3314 Nemo
1129 3227 1223 3302 euim

194 3423 289 3482 1Μειη.
305 3425 396 3495 Astu,
409 3421 427 3478 1.
442 3423 466 3494 1,
480 3437 505 3480 v.
519 3425 571 3479 5⁴5
582 3420 607 3476 ²¹⁶.

192 3516 408 3586 *oTesrirages
421 3519 485 3572 sont
494 3516 544 3572 des
555 3513 728 3586 empiresqui
738 3513 876 3585 chaugeut
884 3527 950 3570 saus
959 3526 1048 3586 cesse,
1060 3517 1088 3571 et
1096 3519 1126 3571 tu
1135 3518 1223 3572 restes

157 3615 283 3684 toutours
296 3613 321 3670 le
340 3613 442 3670 meme!
464 3616 522 3682 Quo
542 3619 605 3670 sont
620 3614 759 3670 deveuues
777 3612 918 3685 l'rtssyrie‚
937 3613 964 3670 la
979 3615 1078 3685 Greee,
1097 3617 1180 3672 Rome
1195 3621 1223 3671 et

157 3705 311 3778 carthago?
322 3706 376 3764 Tes
388 3707 452 3762 ttots
466 3705 601 3762 battaieut
611 3706 686 3764 leurs
700 3705 848 3763 frontieres
862 3721 896 3765 au
910 3709 973 3778 tour
986 3706 1020 3764 de
1033 3708 1060 3763 la
1070 3707 1181 3779 iibertd;
1195 3713 1223 3764 et

157 3802 219 3872 plus
235 3799 310 3870 tund,
325 3813 393 3856 sous
410 3799 435 3855 le
449 3801 532 3870 regne
552 3799 601 3856 des
614 3804 722 3872 turnus,
739 3801 814 3857 leurs
834 3803 949 3872 peupies
970 3803 1095 3862 esclaves
1108 3816 1144 3859 ou
1158 3803 1222 3858 bar-

156 3894 237 3951 bares
256 3879 427 3951 obiisseutt
445 3892 495 3948 des
513 3891 567 3949 lois
582 3892 750 3963 etraugeres.
769 3895 804 3950 La
824 3894 948 3951 destiuee
966 3893 1048 3952 fatale
1068 3910 1083 3952 a
1100 3897 1223 3952 converti

156 3990 205 4048 des
221 4001 367 4060 royaumes
381 4001 415 4044 en
428 3985 577 4046 deserta...
591 3989 661 4046 Mans
674 3988 732 4046 rieu
748 4003 781 4046 ue
795 3989 900 4061 change
914 4003 947 4046 eu
962 3991 1063 4061 tuique
1076 3991 1101 4047 le
1113 3990 1223 4061 caprice

156 4083 189 4140 de
200 4087 243 4140 tes
253 4095 369 4153 ragues3
380 4080 405 4137 le
419 4086 508 4152 temps
522 4095 556 4138 ue
568 4095 649 4153 grave
660 4096 767 4139 aucune
781 4083 839 4139 ride
849 4095 898 4139 sur
913 4089 958 4140 ton
974 4083 1048 4140 irunt
1059 4084 1169 4142 d'azur:
1184 4087 1222 4144 tet

156 4178 185 4231 tu
198 4175 239 4230 vis
252 4175 369 4231 l’aurure
382 4173 415 4230 de
428 4173 454 4230 la
467 4174 603 4247 urentium,
616 4175 652 4232 tel
668 4180 697 4231 tu
712 4189 742 4232 es
755 4189 855 4233 encore
868 4173 1054 4246 aujourd'hui!
1065 4195 1076 4232 u
1091 4176 1219 4251 (curtur-

157 4265 286 4337 Horntrt,
301 4267 343 4323 ch.
359 4265 413 4338 lV).
