3002 5084
659 517 701 590 8l

142 655 205 753 qui
221 655 277 730 bis
295 656 462 732 institutis
478 669 512 733 et
533 663 717 761 praeceptis
742 687 911 763 perquam
936 667 1209 746 delectabantur.

140 777 320 853 Panaetius
342 779 437 856 enim
457 781 633 860 celebrem
657 797 842 884 aperuerat
865 788 987 866 Romae
1008 790 1148 882 ludum,
1175 793 1212 868 in

142 923 251 997 quem
272 901 409 978 Mucius
430 903 601 998 Scaevola,
619 907 773 985 Rutilius
797 910 928 1002 Rufus,
948 912 1075 1009 aliique
1098 913 1214 988 lectis·

143 1027 225 1102 simi
248 1028 394 1126 juvenes
422 1030 620 1128 frequentas
646 1035 918 1128 conveniebant,
945 1037 1108 1134 idemque
1131 1062 1214 1114 cum

142 1149 308 1248 Scipione
326 1161 360 1227 et
376 1152 482 1228 Laelio
498 1154 712 1252 singularem
731 1159 920 1255 quamdam
937 1160 1136 1236 devinxerat
1152 1185 1214 1236 na-

143 1273 406 1349 cessitudinem.
424 1277 535 1353 Porro
553 1279 732 1356 Lucilium
752 1292 889 1357 constat
906 1283 1042 1380 magnis
1060 1282 1115 1357 his
1132 1283 1214 1359 viris

143 1392 252 1468 luisse
271 1394 548 1502 amicissimum,
568 1410 602 1472 et
619 1398 793 1474 Rutilium
814 1400 947 1477 Rulum
969 1425 1115 1478 suornm
1132 1423 1215 1500 ope-

143 1535 225 1590 rum
255 1513 414 1612 judicem
448 1517 551 1592 nnice
589 1541 664 1595 esso
691 1521 859 1612 veritum,
888 1544 928 1597 ac
962 1522 1074 1620 magis
1107 1545 1214 1620 quarn

147 1635 312 1734 cuiquam
345 1637 513 1716 credibile
546 1652 599 1717 est
630 1643 706 1742 ejus
732 1643 894 1741 religioni
923 1646 961 1720 in
990 1645 1114 1721 litteris
1141 1669 1215 1721 ser·

147 1759 256 1836 viisse.
273 1759 324 1836 Ex
337 1784 406 1859 quo
422 1786 493 1838 non
513 1787 713 1863 perperam,
731 1767 872 1866 opinor,
891 1768 1114 1866 colligeretur
1131 1792 1213 1844 nos·

145 1892 240 1958 trum
260 1894 416 1982 poetam,
435 1885 464 1960 si
491 1909 561 1962 non
582 1911 770 1985 germanus
794 1888 899 1964 suerit
920 1890 1068 1982 stoicus,
1086 1899 1121 1964 at
1145 1889 1214 1964 sal-

143 2013 218 2080 tem
237 2027 309 2079 non
336 2006 491 2104 potuisse
519 2007 605 2104 quin
632 2009 824 2085 stoicorum
849 2010 974 2110 placita
998 2010 1213 2109 primoribus

143 2123 252 2200 labris
272 2125 466 2224 attingeret.
483 2127 601 2213 Quum
620 2140 738 2205 autem
752 2152 957 2226 generosam
975 2130 1051 2228 ejus
1072 2128 1213 2206 liberta·

142 2259 215 2325 tem
244 2273 284 2324 ex
311 2272 400 2347 qua,
426 2250 641 2336 Quintiliano
670 2252 807 2349 judice,
832 2253 965 2327 ellluxit
986 2252 1157 2328 acerbitas
1178 2265 1213 2329 ct

143 2372 282 2449 abunde
298 2372 403 2461 solie·
421 2397 531 2472 quum
556 2385 720 2473 praeterea
748 2375 901 2449 vividum
923 2375 1025 2450 illum
1051 2375 1211 2452 ardorem

142 2514 214 2589 quo
241 2491 545 2590 improbissimum
570 2515 762 2591 quemque,
789 2517 867 2569 cuso
897 2493 990 2569 velut
1014 2494 1150 2586 stricto,
1172 2506 1212 2570 ut

144 2617 192 2690 ait
205 2616 224 2691 J
228 2617 400 2707 manalis,
415 2617 632 2715 insequitur3
652 2642 763 2716 quum
779 2619 929 2716 denique
945 2620 1019 2719 ejus
1034 2621 1210 2712 animum,

139 2735 285 2834 justitiae
302 2747 461 2812 tenacem
479 2750 513 2812 et
529 2740 592 2812 nni
609 2762 744 2836 opacum
767 2740 903 2829 uirtuti,
925 2763 1032 2837 quem
1046 2739 1209 2817 Horatius

142 2855 327 2954 praedicat,
355 2880 496 2933 mecum
526 2869 667 2956 reputo;
700 2869 776 2935 tum
807 2861 878 2934 sere
910 2861 953 2934 ad
985 2861 1021 2935 id
1052 2861 1210 2937 adducor

141 2991 183 3055 ut
197 2979 551 3070 credam-Lucilium,
570 3003 641 3055 non
660 2991 828 3078 tanquam
842 2982 1034 3079 hospitem,
1051 2983 1114 3058 sed
1133 2991 1210 3056 tan·

141 3122 250 3198 quam
269 3122 382 3174 unum
400 3122 440 3174 ex
457 3099 581 3189 domo,
600 3101 793 3173 stoicorum
816 3100 942 3174 adiisse
963 3099 1068 3190 lares,
1090 3099 1209 3196 ibique

140 3224 274 3322 ingenii
291 3235 432 3323 pastum
450 3224 673 3324 potissimum
692 3223 900 3321 quaesivisse.

189 3349 275 3435 Quae
292 3350 540 3446 quoquomodo
559 3371 634 3423 sese
658 3347 860 3439 habuerint,
879 3337 1029 3422 stoicum
1047 3369 1122 3422 esse
1146 3349 1209 3423 ali-

141 3469 227 3567 quid
251 3470 389 3544 fatearis
408 3491 550 3544 necesse
572 3479 625 3543 est
649 3469 686 3544 in
704 3469 881 3560 versibuS,
903 3491 1009 3566 queo,
1036 3493 1054 3544 a
1073 3469 1209 3546 Lucilio

142 3590 184 3670 de
210 3593 336 3669 virtute
354 3595 519 3692 scriptos,
538 3593 685 3692 posteris
711 3593 854 3668 tradidit
877 3594 1090 3670 Lactantius.
1117 3593 1209 3670 Huic

141 3714 238 3788 enim
253 3714 406 3804 auctori,
421 3714 479 3790 cui
495 3713 726 3789 deliberatum
740 3723 774 3788 et
793 3714 1019 3788 constitutum
1036 3727 1111 3790 orat
1124 3735 1210 3813 praa·

142 3837 263 3935 cipnas
282 3836 573 3936 philosophorum
592 3837 635 3912 de
660 3837 786 3912 virtute
810 3860 980 3935 exponere
998 3849 1032 3911 et
1053 3837 1209 3912 retollere

142 3957 342 4054 opiniones,
370 3957 459 4031 nihil
488 3958 604 4056 potius
628 3957 749 4054 reique
775 3957 1074 4033 accommodatius
1096 3956 1210 4032 visum

142 4092 194 4153 est
211 4103 318 4177 quam
336 4103 414 4179 quae
430 4082 499 4156 hoc
513 4080 638 4156 eodem
656 4081 698 4155 de
718 4091 922 4177 argumento
938 4079 1094 4155 Lucilius
1112 4079 1209 4154 dixe-

142 4212 195 4277 rat
212 4204 340 4279 ralerre
369 4214 403 4279 et
426 4204 499 4280 suis
527 4203 725 4281 examinare
751 4202 979 4303 ponderibus.
1006 4201 1097 4277 Nam
1114 4223 1210 4299 quae⁴

288 4355 318 4408 pb
1051 4336 1064 4379 o
