3042 5086
718 541 764 615 37

204 684 310 760 nibus
326 686 459 784 majora
476 709 583 783 quam
601 711 679 784 quae
702 688 838 786 possint
860 685 967 778 ellici,
990 687 1181 786 imperare3
1208 702 1270 765 aut

203 805 315 895 viroS,
348 805 474 880 talibus
501 808 683 906 praeceptis
712 807 886 896 imbutos,
917 807 1084 902 singulari
1118 810 1287 905 quodam·

203 923 340 999 virtutis
356 947 474 1001 amore
488 927 704 1024 llagravisse,
718 949 827 1024 eaque
837 927 931 1025 juste
948 937 984 1002 et
996 927 1070 1024 pie,
1088 927 1223 1004 sortiter
1238 940 1273 1004 et

203 1057 406 1124 constanter
426 1049 548 1125 secisse
566 1073 606 1124 ac
625 1050 762 1142 tulisse,
781 1050 824 1125 de
846 1049 975 1148 quibus
993 1049 1090 1124 nulla
1112 1074 1271 1150 unquam

200 1169 384 1246 reticescet
400 1172 611 1270 posteritas?

251 1293 331 1368 Non
359 1305 412 1369 est
435 1295 542 1392 igitur
574 1318 638 1371 cur
664 1297 901 1394 vituperemus
927 1295 1055 1371 stoicos
1082 1306 1186 1393 atque
1213 1319 1272 1372 eos

202 1415 442 1492 existimemus
465 1419 626 1494 homines
644 1418 769 1493 stultos
797 1441 838 1494 ac
854 1441 942 1494 vana
961 1419 1096 1493 somnia
1122 1419 1189 1494 sibi
1206 1421 1272 1494 fin-

201 1549 338 1636 gentes,
365 1539 459 1638 quod
483 1543 678 1640 perlectum
705 1542 857 1639 aliquem
880 1541 1126 1640 expletumque
1153 1543 1271 1616 omni-

203 1657 269 1733 bus
286 1661 443 1735 numeris
461 1672 496 1736 et
510 1660 667 1758 partibus
684 1672 938 1759 conceperunt,
957 1684 1063 1757 quem
1079 1661 1271 1759 sapientem

203 1780 432 1856 nominabant
449 1792 483 1857 et
501 1782 544 1856 ad
563 1805 669 1880 quem
689 1783 844 1880 proxime
863 1782 1065 1880 nitebantur
1089 1782 1272 1876 accedere,

203 1927 285 1980 cum
303 1906 391 1980 nihil
410 1918 548 1982 tantum
564 1909 606 1982 ad
622 1908 754 2006 aliquid
773 1908 862 1984 bene
880 1908 1080 1984 laciendum
1098 1911 1270 2004 conserat,

202 2039 374 2127 quantum
391 2031 486 2129 quod
498 2023 550 2106 'sit
566 2033 739 2130 optimum
757 2032 793 2105 in
813 2055 951 2131 quoque
969 2056 1096 2129 genere
1114 2035 1269 2128 novisse;

202 2161 237 2226 et
255 2172 337 2226 cum
360 2152 443 2250 ipsi,
465 2175 553 2251 quos
571 2153 760 2229 christiana
788 2153 909 2249 religio
935 2153 1033 2242 colit,
1058 2155 1269 2229 sanctissimi
1335 2143 1338 2152 ⁴

200 2272 280 2362 viri,
296 2272 427 2348 idcirco
445 2275 561 2348 solum
578 2296 683 2371 supra
702 2275 896 2347 humanam
914 2295 989 2348 sese
1004 2275 1191 2348 extulerint
1206 2298 1270 2350 na-

202 2405 338 2486 turam,
356 2397 451 2494 quod
477 2397 653 2495 exemplar
676 2419 746 2470 non
773 2395 967 2470 imitatione
993 2396 1268 2492 assequendum,

201 2515 396 2624 imitatione
413 2530 529 2593 tamen
549 2517 686 2617 assequi
705 2517 820 2592 conati
838 2517 978 2593 fuerint.

249 2639 328 2716 Non
358 2642 472 2717 solum
501 2653 702 2718 nostrorum
732 2641 1025 2741 philosophorum
1051 2642 1208 2717 instituta
1236 2653 1271 2718 et

201 2771 399 2862 praecepta,
415 2764 476 2838 sed
500 2765 605 2839 etiam
629 2765 718 2839 lacta
744 2776 779 2839 et
804 2787 920 2839 mores
946 2765 1269 2863 reprehenduntur3

200 2885 248 2959 ita
265 2897 382 2960 tamen
401 2897 441 2959 ut
457 2886 481 2958 ii
500 2886 569 2961 duo
590 2886 846 2962 distribuantur
864 2888 900 2959 in
919 2909 1043 2983 genera
1064 2887 1270 2978 hominum,

200 3030 352 3106 quorum
371 3010 469 3083 alteri
488 3010 595 3084 stoice
613 3009 773 3099 vixerint,
788 3009 887 3084 alteri
914 3031 993 3082 vero
1011 3009 1119 3083 stoice
1144 3008 1268 3106 dispu-

199 3132 364 3222 taverint,
383 3142 417 3205 et
436 3131 486 3204 illi
513 3130 638 3206 debitis
665 3131 853 3205 efferantur
879 3128 1059 3217 laudibus,
1087 3128 1124 3201 hi
1149 3139 1269 3204 contra

200 3255 395 3331 maledictis
430 3255 555 3329 acriter
586 3255 812 3329 lacessantur.
848 3251 1020 3326 Virtutem
1062 3251 1156 3325 enim
1196 3274 1268 3326 non

201 3399 302 3451 secus
332 3387 436 3472 atque
466 3373 722 3449 arithmeticam
750 3382 811 3445 aut
840 3370 1089 3469 geographiam
1124 3370 1269 3460 docere,

200 3511 343 3574 auctore
360 3518 515 3595 quocum
529 3508 705 3570 certamus
714 3494 851 3593 judice,
869 3492 999 3592 aliquid
1014 3491 1121 3568 habet
1134 3495 1269 3591 puerile

199 3620 344 3696 omnino
362 3630 397 3693 et
413 3618 644 3693 irridendum.

248 3741 367 3837 Longe
397 3740 482 3830 alia,
513 3742 683 3830 latemur,
713 3750 832 3815 nostra
864 3749 916 3812 est
945 3739 1125 3813 sententia.
1162 3737 1268 3812 binas

200 3862 329 3960 quibus
355 3863 531 3961 praecipue
556 3864 662 3937 homo
692 3850 829 3937 constat
855 3872 990 3960 partes,
1021 3882 1173 3957 quarum
1197 3883 1269 3935 una

201 3985 285 4082 quid
304 3986 349 4059 sit
362 3986 496 4060 bonum
514 3997 575 4060 aut
592 3984 728 4060 malurn
742 3985 891 4090 percipit
905 3996 939 4058 et
956 3981 1138 4076 intelligit,
1161 3981 1267 4054 altera

200 4128 281 4182 vero
300 4107 343 4182 ad
362 4107 495 4182 bonum
525 4107 635 4182 sertor
661 4114 696 4181 et
721 4106 810 4201 sugit
838 4105 990 4192 malum,
1020 4103 1067 4176 ita
1093 4101 1268 4200 sejunctas

203 4253 278 4305 esse
295 4242 330 4306 et
346 4242 520 4329 separatas
544 4253 614 4306 non
643 4229 840 4318 credimus,
864 4239 904 4302 ut
929 4226 1023 4324 quod
1050 4225 1145 4324 prior
1166 4249 1267 4325 expe-

871 4359 887 4392 t
