3042 5086
705 517 748 590 bi

196 664 465 740 accommodati.
483 664 545 739 His
564 664 753 763 aliquando
769 665 891 741 tribuit
904 665 1090 762 magnifica
1105 677 1140 742 et
1155 666 1264 765 sigui-

195 782 337 858 fioantia
359 784 481 874 verba,
507 785 618 860 claras
641 784 885 883 vibrantesque
907 784 1115 877 sententias,
1135 785 1264 882 quibus

196 906 305 998 nibil,
323 908 352 982 si
371 908 507 1004 singula
527 909 815 1000 consideraveris,
833 909 1044 986 existimabis
1062 909 1264 1007 pulchrius3

196 1027 347 1104 sednon
369 1039 445 1103 erut
467 1029 520 1103 bis
542 1030 646 1103 loeus.
674 1027 759 1114 Qua
777 1029 847 1119 sio,
872 1050 1000 1125 magno
1018 1028 1134 1121 hiatu,
1152 1031 1266 1130 proie-

197 1159 344 1240 runtur,
375 1172 412 1224 oa
439 1173 504 1225 nee
533 1172 740 1248 personam,
771 1171 835 1224 neo
866 1159 1026 1248 tempuS,
1053 1171 1118 1224 neu
1147 1148 1269 1238 loourn

197 1273 406 1371 plerumque
424 1272 568 1362 decent,
587 1283 621 1348 et
638 1295 682 1347 ne
701 1294 823 1346 omnes
842 1271 999 1370 ejusdem
1017 1270 1131 1369 operis
1148 1283 1263 1370 partes

197 1401 394 1488 congruant
414 1404 449 1467 et
473 1415 581 1468 unam
607 1392 649 1466 ad
668 1392 817 1467 sormam
836 1391 1050 1466 reducantur
1072 1391 1263 1490 saepissime

197 1512 363 1588 efficiunt.
403 1512 710 1599 Quemadmodum
747 1510 945 1610 impediunt
967 1533 1024 1614 ¹ne
1060 1533 1184 1609 poema
1221 1512 1304 1597 sit,

200 1657 332 1722 unum,
365 1634 414 1708 ita
446 1635 553 1731 (quod
583 1635 698 1710 verius
732 1645 784 1710 est
811 1657 918 1733 quam
950 1632 1189 1728 verisimilius)
1220 1656 1263 1708 ne

199 1756 291 1832 idem
316 1757 361 1832 sit
387 1757 522 1832 varium
548 1758 697 1855 graviter
722 1757 871 1834 obstant.
901 1757 991 1832 Cum
1019 1757 1113 1832 euim
1142 1757 1263 1834 creber

195 1882 377 1958 sententiis
396 1905 511 1958 sermo
535 1884 695 1959 omnium
720 1907 759 1960 ex
782 1905 842 1958 ore
866 1882 1068 1957 indistinete
1093 1883 1264 1980 profluat,

195 2003 420 2079 mediocriter
433 2005 690 2081 etiamattentis
704 2005 832 2082 olarins
846 2004 1109 2080 etmaniiestius
1122 2015 1266 2104 apparet

194 2149 363 2227 personas
382 2149 526 2218 omnes,
544 2127 650 2204 unius
669 2127 844 2218 hominis,
863 2137 972 2226 poetae
987 2127 1166 2216 videlicet,
1185 2151 1264 2225 pur-

194 2261 246 2326 tes
266 2273 377 2348 agere.

244 2371 334 2445 Sunt
352 2368 433 2468 qui,
455 2369 517 2445 ubi
539 2369 708 2445 nonnulla
732 2369 845 2445 nitent
866 2369 902 2444 in
926 2379 1104 2469 poemate,
1123 2391 1162 2444 ea
1185 2392 1264 2445 sus-

193 2489 328 2588 piciant
351 2499 385 2564 et
402 2489 641 2579 admirentur,
665 2511 729 2564 neo
747 2488 792 2563 ita
812 2488 1036 2564 offendantur
1061 2486 1088 2562 si
1113 2511 1200 2588 opus
1225 2511 1265 2564 ex

193 2612 352 2710 partibus
388 2611 478 2686 male
514 2611 771 2688 cohaerentibus
805 2611 943 2711 sibique
983 2611 1262 2710 repugnantibus

193 2733 428 2834 compositum
443 2735 557 2810 suerit.
574 2733 688 2809 Vicini
704 2734 814 2809 nostri
830 2733 1015 2823 Germani,
1030 2734 1059 2808 si
1075 2735 1160 2832 quid
1177 2735 1264 2810 forte
1314 2757 1315 2764 ¹

193 2855 230 2930 in
250 2879 353 2931 scena
378 2856 482 2932 suerit
504 2866 644 2947 actum,
668 2857 762 2954 quod
784 2858 882 2934 nullo
903 2858 1008 2934 modo
1029 2881 1110 2934 oum
1128 2857 1262 2956 reliqua

194 2979 310 3054 sabula
335 2979 536 3070 conveniat,
560 2990 594 3054 et
614 2979 659 3054 sit
680 2989 815 3071 tamen,
837 2990 875 3055 ut
899 2981 956 3070 fit,
981 3003 1022 3055 eo
1045 2978 1262 3077 splendidius

194 3124 264 3199 quo
276 3102 388 3198 magis
403 3102 591 3190 absonum,
605 3101 673 3178 hoo
685 3123 755 3176 non
767 3101 881 3176 solum
896 3122 966 3176 non
981 3099 1276 3198 reprehendunt,

80 3269 86 3278 ·
194 3225 254 3300 sed
282 3223 564 3324 pulcherrimum
591 3224 685 3299 idem
713 3245 787 3298 esse
817 3231 850 3298 et
871 3222 990 3298 nescio
1018 3221 1102 3319 quid
1131 3219 1261 3298 fidibus
1301 3237 1304 3244 ’

193 3348 340 3446 dignum
367 3348 514 3440 habere,
535 3371 662 3447 magna
684 3348 852 3424 commoti
879 3345 1128 3438 admiratione,
1149 3355 1261 3422 certa-

193 3471 257 3546 tim
278 3470 484 3548 exolamant.
503 3471 594 3562 Nos,
612 3482 652 3546 ut
669 3471 705 3546 in
724 3470 914 3547 mulierum
931 3470 981 3546 sie
999 3470 1035 3545 in
1054 3478 1259 3569 poematum

194 3591 427 3683 ornamentis,
445 3614 564 3668 rerum
582 3591 862 3666 convenientiam
880 3590 1053 3666 dominari
1075 3589 1258 3681 volumus;

194 3735 259 3788 neo
289 3713 401 3811 magis
433 3713 655 3790 ambitiosam
684 3713 810 3788 humili
842 3712 878 3788 iu
912 3734 1074 3788 sermone
1104 3711 1260 3811 patimur

195 3838 328 3936 intejioi
342 3837 568 3926 sententiam,
584 3861 691 3936 quam
707 3848 830 3936 torque
844 3846 1018 3934 gemmato
1034 3835 1149 3912 ornari
1163 3836 1259 3934 puel-

194 3960 265 4034 lam
284 3960 515 4057 permodestis
533 3961 693 4036 indutam
710 3960 875 4035 vestibus
899 3959 999 4048 Siout
1014 3958 1163 4033 Flaoous
1182 3956 1257 4049 iile,

196 4079 296 4177 cujus
319 4079 365 4154 ita
383 4080 539 4177 prudens
562 4090 596 4154 et
619 4079 797 4155 sincerum
818 4101 956 4176 semper
979 4077 1044 4153 suit
1061 4076 1257 4176 judicium,

198 4199 436 4276 existimamus
461 4201 548 4276 nibil
567 4212 628 4277 aut
652 4224 776 4300 parum
795 4201 839 4278 ab
865 4221 905 4275 eo
930 4199 1020 4275 effici
1048 4198 1108 4314 qui
1128 4219 1257 4298 ponere
