3002 5084
779 515 850 588 tat

286 657 407 734 debuit
428 659 552 734 vocari.
580 660 668 735 Cum
692 661 786 735 enim
814 661 856 735 de
878 661 1035 735 minimis
1059 661 1277 748 deliberetur,
1303 662 1354 736 de

282 777 446 852 maximisv
463 801 532 854 non
551 779 734 856 deliberari
752 779 1008 878 perabsurdum
1026 791 1087 854 est.
1101 779 1220 876 ltaque
1235 779 1353 877 philo-

282 902 414 998 sophus
432 902 523 976 inter
540 912 695 977 recentes
710 903 915 1001 praeclarae,
934 901 1117 976 Russellus
1134 911 1266 990 noster,
1281 923 1350 999 po-

281 1022 363 1112 tnit,
378 1111 381 1128 Ι
395 1023 564 1098 incolumi
592 1025 762 1112 lama,‘in
779 1025 974 1099 fabulosam
998 1023 1233 1098 narrationem
1256 1024 1349 1098 duas

283 1143 450 1219 inducere
469 1169 651 1244 personas,
668 1157 786 1220 utrum
804 1147 940 1220 homini
955 1145 1062 1220 tribui
1082 1169 1124 1219 an
1146 1146 1264 1242 negari
1280 1146 1347 1219 de-

283 1278 358 1341 ceat
382 1268 440 1366 jus
462 1268 529 1343 sibi
558 1292 683 1344 manns
710 1269 880 1344 inferendi
903 1279 1064 1344 accurate
1090 1268 1346 1366 perquirentes.

280 1387 363 1463 Haec
389 1389 495 1484 igitur
520 1391 661 1465 Senecae
686 1413 789 1465 scena
809 1399 969 1464 nontam
992 1391 1070 1464 ideo
1095 1389 1183 1462 mihi
1209 1389 1348 1462 videtur

279 1511 523 1610 vituperanda,
542 1516 636 1610 quod
654 1516 699 1588 sit
717 1517 831 1589 omnis
854 1538 974 1612 expers
988 1515 1141 1589 veritatis
1159 1527 1193 1588 et
1218 1514 1347 1588 rationi

279 1636 426 1710 omnino
440 1649 629 1736 repugnet,
643 1661 749 1735 quam
767 1639 860 1735 quod
876 1648 928 1713 est
936 1638 1089 1712 historiae
1102 1638 1248 1712 minime
1262 1659 1347 1712 con·

280 1771 445 1836 sentanea
471 1785 666 1859 parumque
692 1774 770 1858 apta
794 1762 921 1836 animis
948 1762 1166 1839 audientium
1183 1783 1344 1836 commo-

277 1879 408 1954 vendis

329 2000 420 2075 Sunt
443 2001 517 2074 aliae
542 2001 578 2073 in
605 2001 747 2076 Senecae
772 2001 948 2096 tragoediis
976 2001 1173 2091 sententiae,
1198 2013 1239 2075 ut
1265 2025 1347 2076 vere

283 2122 428 2198 Porticu
447 2124 560 2219 dignae
578 2135 612 2197 et
637 2123 914 2218 significantibus
935 2125 1048 2198 verbis
1067 2125 1271 2215 enuntiatae,
1297 2125 1345 2200 ita

283 2247 462 2341 personia,
480 2243 629 2340 tempori
647 2254 681 2316 et
698 2242 775 2317 loco
791 2246 941 2316 maxime
959 2244 1268 2318 disconvenientes.

330 2365 599 2463 clytemnestra,
620 2366 725 2463 paulo
744 2379 930 2462 antequam
949 2367 1063 2440 securi
1081 2367 1238 2440 medium
1262 2365 1345 2440 divi·

283 2487 342 2560 dat
359 2487 546 2574 maritum,
575 2487 618 2560 de
644 2487 741 2562 venia
767 2487 917 2584 peccatis
940 2486 1125 2561 tribuenda
1151 2487 1283 2561 mirum
1308 2487 1342 2558 in

280 2609 428 2684 modum
446 2608 619 2704 loquitur:
642 2603 643 2606 ‘

387 2839 394 2854 .
432 2838 440 2853 .
479 2839 486 2852 .
506 2798 572 2853 Sera
586 2810 725 2867 nunquam
738 2803 782 2854 est
794 2798 827 2854 ad
841 2798 931 2856 bonos
945 2811 1036 2856 mores
1047 2800 1099 2868 via.

389 2896 476 2963 Quem
492 2893 608 2964 penitet
621 2907 766 2965 peccasse,
780 2908 850 2965 pene
863 2900 907 2951 est
920 2895 1055 2952 innocens
1065 2895 1081 2950 ¹.

385 3083 439 3140 Det
451 3083 497 3140 ille
510 3083 616 3141 veniam
629 3082 723 3154 facile,
740 3083 785 3140 cui
799 3084 877 3141 venia
892 3088 935 3140 est
948 3082 1046 3155 opus2.

330 3249 460 3324 Audire
478 3249 601 3324 credas
616 3249 819 3324 Ciceronem
837 3249 887 3323 sic
911 3249 1185 3324 stoicissantem:
1209 3250 1344 3324 «Haud

285 3375 356 3449 scio
376 3399 418 3448 an
435 3375 517 3448 satis
536 3375 580 3448 sit
597 3396 696 3464 eum,
715 3374 774 3472 qui
797 3375 1002 3463 lacessierit,
1023 3375 1160 3473 injuriae
1178 3397 1250 3448 suae
1269 3398 1344 3472 poe-

284 3498 394 3570 nitere
408 3499 472 3585 ³,»
493 3507 555 3570 aut
572 3495 688 3592 ipsum
702 3496 880 3571 Christum
898 3497 941 3570 de
955 3497 1102 3570 muliere
1119 3497 1154 3570 in
1172 3495 1343 3572 adulterio

285 3617 502 3715 deprehensa
521 3616 704 3689 Pharisaeis
720 3615 910 3689 dicentem:
929 3615 1023 3700 «Qui
1043 3616 1118 3690 sine
1135 3626 1277 3715 peccato
1293 3625 1345 3688 est

284 3752 456 3828 vestrum,
473 3739 609 3838 primus
626 3737 662 3838 in
681 3737 779 3812 illam
795 3737 945 3836 lapidem
964 3737 1111 3811 mittat‘.
1129 3764 1146 3808 o
1224 3777 1226 3784 ,

313 3957 323 3996 ¹
337 3961 401 4016 Seu.
415 3963 529 4032 Apum,
545 3975 570 4017 v.
584 3962 646 4018 242.

314 4047 435 4122 ²latent,
454 4066 479 4108 v.
500 4055 560 4110 267.

313 4141 396 4214 ³Cic.
413 4146 527 4218 Dcoff.,
547 4147 566 4204 l.
584 4148 607 4218 l,
621 4163 645 4204 c.
661 4150 703 4203 lt.

312 4237 324 4276 ⁴
337 4243 446 4312 Evaap.
458 4257 511 4298 sec.
527 4245 622 4312 dean„
638 4257 663 4300 e.
675 4241 743 4302 vttt.
