3042 5086
746 493 794 566 36

238 638 498 736 losophos,·qui
516 637 664 733 insignia
683 636 796 733 aliqua
815 638 851 709 in
870 637 984 710 lucem
1000 634 1186 710 ediderunt
1202 635 1300 710 insti·

239 772 330 852 tuta,
352 773 427 837 turn
446 763 596 835 maxime
614 760 845 858 Chrysippum
874 759 1017 858 plurimi
1041 760 1136 848 lacit,
1155 760 1300 858 ejusque

228 861 321 959 ⁸cum
336 884 473 982 placitis
492 883 618 982 placita
634 907 695 958 sua
712 883 784 958 vult
801 882 996 957 convenire.
1032 914 1034 918 ¹

285 1006 378 1081 Illud
394 1029 534 1103 quoque
557 1005 675 1080 stoicis
697 1005 763 1080 luit
784 1005 980 1103 objectum,
993 1004 1092 1101 ,quod
1110 1002 1296 1078 sublimem

238 1129 427 1228 quamdam
443 1130 579 1203 honesti
598 1131 746 1204 sormam
767 1140 801 1203 et
823 1129 975 1226 speciem
994 1129 1111 1203 animo
1129 1150 1299 1225 concepe-

236 1261 335 1341 runt,
361 1272 466 1349 quam
485 1272 589 1324 nemo
607 1272 765 1346 unquam
782 1249 880 1323 lactis
905 1258 939 1322 et
956 1249 1115 1322 moribus
1136 1249 1299 1344 effingere

235 1380 270 1444 et
294 1370 487 1468 exprimere
513 1379 626 1467 queat.
655 1368 739 1455 Quis
767 1378 884 1443 autem
910 1390 981 1442 non
1003 1367 1095 1441 videt
1119 1390 1196 1442 eam
1224 1389 1299 1442 esse

236 1489 318 1562 artis
338 1489 508 1585 cujusque
526 1487 783 1577 conditionem,
801 1498 840 1562 ut
857 1487 1013 1585 primum
1032 1486 1152 1560 artifex
1175 1485 1211 1559 id
1230 1507 1299 1584 quo

235 1613 325 1688 nihil
340 1613 527 1711 perfectius
546 1613 683 1710 concipi
701 1612 811 1710 possit
828 1613 1013 1710 cogitando
1032 1613 1299 1711 complectatur;

235 1736 337 1824 dein,
370 1757 441 1809 non
474 1735 626 1833 optima,
656 1733 716 1809 sed
751 1757 829 1832 quae
861 1745 943 1808 sunt
974 1734 1115 1833 optimis
1144 1735 1299 1832 proxima

237 1860 371 1957 agendo
390 1859 537 1933 elliciat‘l

284 1982 424 2056 Marcus
439 1981 593 2071 TulliuS,
608 2003 690 2055 cum
716 1980 925 2078 praeclarum
949 1978 1037 2054 illud
1057 1981 1204 2055 oratoris
1223 1980 1300 2055 des-

237 2105 359 2203 cripsit
376 2106 568 2202 exemplar,
587 2105 679 2202 apud
695 2126 817 2178 omnes
836 2105 1031 2178 litterarum
1048 2103 1222 2178 studiosos
1240 2104 1301 2177 ho-

237 2229 350 2304 mines
371 2229 445 2327 jam
471 2228 731 2326 pervulgatum,
749 2250 820 2302 non
844 2240 1017 2303 oratorem
1043 2227 1231 2325 quemdam
1249 2227 1300 2302 vel

237 2346 534 2437 illustrissimum,
551 2347 724 2422 Periclem
746 2348 824 2423 dico
842 2361 904 2423 aut
921 2349 1210 2439 Demosthenem,
1232 2350 1302 2424 ele·

238 2466 306 2561 git,
324 2489 429 2563 quem
446 2465 547 2540 nobis
567 2479 778 2564 proponeret
802 2469 844 2542 ad
868 2470 1096 2560 imitandum3
1112 2468 1173 2543 sed
1191 2483 1302 2545 orato-

239 2609 313 2660 rem
332 2588 392 2684 qui
413 2610 598 2683 nunquam
620 2587 701 2676 luit,
719 2611 903 2685 nunquam
922 2591 1002 2679 crit,
1023 2591 1084 2665 sed
1106 2593 1303 2690 concipitur

237 2719 370 2796 tamen,
401 2720 435 2783 et
463 2709 505 2783 ad
536 2710 636 2807 cujus
667 2712 852 2806 cogitatam
880 2715 1033 2811 speciem
1060 2716 1302 2820 unusquisque

237 2852 312 2904 sese
335 2830 553 2904 conformare
583 2828 686 2904 debet
711 2841 746 2904 et
770 2833 1045 2908 accommodare.
1074 2833 1164 2920 Quid
1188 2836 1303 2910 dicam

238 2952 281 3026 de
298 2952 460 3040 Platone,
481 2953 540 3025 illo
559 2953 719 3027 omnium
736 2953 895 3051 principe
912 2955 1223 3055 philosophorum,
1242 2958 1302 3054 qui

237 3073 374 3148 homini
392 3073 434 3147 ad
453 3075 642 3172 perlectam
659 3076 947 3174 cumulatamque
963 3078 1127 3154 virtutem
1145 3080 1302 3154 tendenti

238 3197 328 3270 nihil
347 3208 464 3272 actum
482 3197 627 3296 putabat
644 3197 728 3273 dum
744 3198 875 3296 aliquid
894 3201 1070 3298 agendum
1088 3213 1302 3300 superesset,

239 3320 342 3416 eique
377 3322 443 3422 τὴν
478 3330 527 3424 τῷ
562 3327 636 3424 θεῷ
667 3326 837 3420 ὁμοίωσιν
867 3345 1075 3420 supremum
1105 3325 1305 3422 assiguabat

241 3443 374 3517 finem?
399 3442 491 3526 Quid
515 3444 558 3516 de
582 3444 657 3541 ipsa
684 3445 871 3519 christiana
901 3447 1086 3542 religione,
1110 3472 1205 3546 quae,
1232 3471 1303 3524 non

242 3565 465 3654 hominihuS,
487 3577 527 3640 ut
546 3566 641 3664 quod
663 3568 765 3664 vulgo
787 3570 826 3643 fit
845 3570 881 3644 id
903 3572 1032 3647 saciant
1048 3576 1225 3675 praecipit,
1242 3576 1302 3652 sed

243 3687 336 3786 quod
348 3687 423 3761 fieri
437 3688 697 3784 quodammodo
711 3691 847 3788 nequit,
859 3692 893 3765 id
907 3694 1126 3791 potissimum
1135 3698 1304 3794 jubeleus

242 3807 377 3880 lacere?
401 3806 486 3893 Quis
504 3809 633 3904 estqui
652 3808 831 3883 Christum
849 3812 994 3886 audiens
1013 3815 1114 3889 nobis
1134 3818 1305 3892 mandan-

242 3940 312 4003 tem
327 3942 382 4020 ut,
398 3930 499 4004 bonis
515 3930 679 4005 omnihus
694 3932 855 4022 venditio,
870 3935 1084 4033 pauperibus
1095 3961 1217 4014 eorum
1230 3964 1306 4039 pre-

243 4052 332 4125 tium
349 4052 489 4142 demus,
506 4063 566 4127 aut
583 4053 858 4128 exclamantem:
881 4056 1058 4133 «perfecti
1072 4071 1196 4153 estote,
1214 4063 1306 4138 sicut

244 4184 343 4271 pater
359 4198 459 4250 meus
476 4187 528 4251 est
545 4176 762 4275 perlectus»,
781 4201 908 4274 negare
925 4179 1070 4271 audeat,
1089 4205 1171 4258 eum
1190 4184 1305 4260 homi-
