3042 5086
822 455 868 528 18

312 601 381 664 1111.
400 591 436 664 Si
451 591 545 687 quiS,
561 592 597 664 in
613 591 749 694 infinita
764 615 882 666 rerum
897 603 1038 680 natura,
1052 614 1212 688 quarum
1230 590 1399 664 medium

310 725 363 788 est
375 714 521 811 ubique,
538 724 578 789 ut
595 715 642 789 uit
654 716 852 806 Pascalius,
866 715 1034 790 circuitus
1050 737 1257 812 nusquam,
1270 724 1402 788 semet-

309 833 447 932 ipsum,
470 834 564 909 velut
589 835 771 910 arenulam
796 835 1007 931 quamdam,
1030 843 1153 933 sponte
1180 831 1402 907 considera-

310 956 412 1046 verit,
426 978 533 1052 quam
547 956 642 1030 brevi
657 967 839 1032 ventorum
854 957 957 1032 ssatus
972 957 1017 1030 sit
1031 956 1238 1046 ablaturus;
1260 955 1292 1029 is
1307 955 1347 1063 in
1364 976 1401 1028 se

310 1077 508 1154 uberiorem
526 1079 676 1176 reperiet
692 1080 866 1155 nobilium
889 1080 1088 1155 carminum
1112 1081 1255 1153 sontem
1285 1100 1400 1174 quam

308 1202 369 1298 qui
387 1225 569 1301 nunquam
587 1204 661 1278 sine
680 1203 769 1278 duce
795 1227 901 1279 ausus
923 1216 975 1279 est
991 1204 1154 1314 progredi
1180 1215 1221 1280 et
1247 1225 1400 1301 semper

307 1323 466 1419 priorum
481 1324 620 1422 vestigia
640 1325 805 1400 adoravit.

356 1441 447 1528 Quid
471 1444 515 1517 ad
534 1466 590 1518 me
608 1444 755 1519 numina
774 1466 840 1518 nec
865 1467 884 1518 a
909 1443 1118 1535 lectoribus,
1147 1464 1217 1518 nec
1247 1443 1398 1541 abipso

307 1574 410 1661 poeta
433 1587 497 1662 pro
525 1566 613 1640 veris
636 1567 773 1656 habita,
796 1590 873 1665 quae
896 1567 1026 1642 Statius
1053 1577 1087 1642 et
1110 1566 1219 1640 Silius
1249 1566 1292 1639 in
1322 1565 1398 1639 suis

308 1688 479 1786 poematis
497 1689 736 1765 induirerunt‘.l
755 1691 892 1777 Quanto
911 1691 1060 1782 rectius,
1079 1690 1139 1789 qui
1159 1689 1345 1765 miseram
1363 1699 1399 1762 et

308 1813 591 1905 lamentandam,
619 1815 735 1889 statim
764 1815 807 1890 ab
834 1826 928 1906 ortu,
956 1815 1110 1890 hominis
1135 1814 1395 1890 conditionem

309 1936 365 2011 his
382 1939 539 2014 versibus
557 1939 760 2036 eloquenter
779 1939 883 2013 deflet
900 1950 934 2014 et
956 1938 1204 2034 conqueritur:

416 2207 484 2264 Tunr
497 2220 580 2278 porro
594 2223 676 2279 puer,
690 2213 720 2266 ut
733 2209 814 2265 saevis
826 2209 968 2279 projectus
981 2209 1015 2267 ab
1030 2208 1113 2266 undis

417 2305 526 2376 Navita,
543 2306 634 2362 nudus
647 2305 721 2362 humi
731 2307 822 2375 jacet,
837 2304 942 2371 intans,
960 2305 1071 2376 indigus
1088 2304 1163 2362 omni

417 2396 499 2452 vitali
512 2396 627 2467 auxilio,
643 2411 705 2453 cunr
719 2397 835 2467 primurn
848 2397 877 2453 in
890 2396 1003 2454 luminis
1016 2410 1079 2453 oras

418 2494 534 2551 Nixibus
546 2508 580 2551 ex
592 2495 653 2550 alvo
667 2495 763 2552 matris
774 2500 871 2552 natura
885 2495 1022 2566 profudit,

418 2591 572 2661 vagituque
585 2592 676 2648 locum
689 2591 800 2662 lugubri
813 2591 946 2661 complet,
962 2597 993 2648 ut
1004 2605 1112 2662 aequum
1126 2596 1183 2660 est,

419 2687 471 2743 Cui
484 2690 590 2743 tantun
604 2687 631 2743 in
646 2687 701 2744 vita
714 2691 800 2744 restet
814 2687 930 2744 transire
944 2687 1077 2745 malorum
1093 2687 1109 2742 ¹.

362 2917 425 2991 1113
449 2919 604 2993 carmina
623 2941 693 2993 non
721 2930 804 2993 sunt
832 2943 871 2995 ea
899 2942 977 3017 quae
1004 2919 1112 2994 semol
1141 2920 1291 3018 pulchra
1313 2893 1389 2991 visa¹

313 3039 458 3130 fuerint,
489 3041 687 3138 saeculoque
716 3051 855 3115 tantum
887 3042 947 3116 uni
977 3042 1192 3140 placuerint,
1224 3063 1385 3139 sequen-

313 3160 407 3237 tibus
428 3163 586 3238 eetatibus
613 3164 846 3261 despicienda.
870 3164 1003 3238 Eorum
1028 3175 1146 3238 manet
1171 3183 1384 3261 semperque

314 3287 470 3361 manebit
495 3288 588 3360 vivax
619 3287 867 3386 pulchritudo,
895 3287 1023 3385 quippe
1049 3310 1127 3384 quae
1151 3309 1249 3361 veros
1277 3297 1385 3361 aeter-

314 3425 449 3502 nosque
467 3405 575 3478 animi
600 3427 724 3480 sensus
749 3404 902 3481 mirabili
929 3406 1083 3502 quodam
1109 3406 1213 3479 modo
1239 3427 1383 3502 expres-

315 3523 434 3597 serint.

363 3647 456 3719 Dum
474 3668 598 3743 pravus
625 3647 772 3722 deorum
800 3649 916 3724 cultus
941 3648 1093 3746 aliquam
1122 3647 1214 3747 apud
1239 3659 1381 3745 gentem

314 3764 442 3864 vigebit
456 3775 491 3839 et
507 3789 526 3840 a
544 3766 759 3863 sapientibus
782 3792 872 3867 aegre
896 3768 1114 3858 tolerabitur,
1133 3769 1208 3841 haec
1226 3767 1378 3841 admira·

317 3887 447 3964 tionem
465 3898 499 3962 et
516 3888 660 3985 plausus
678 3891 865 3968 hominum
882 3892 1090 3969 movebunt:

350 4158 478 4219 ¹Lucret.
497 4163 539 4217 De
551 4168 613 4220 oct.
628 4177 698 4232 rer,
713 4161 731 4220 l.
747 4165 778 4235 V,
791 4177 817 4221 v.
830 4168 893 4224 223.
