3042 5086
666 508 713 581 59

154 676 218 752 per
236 663 384 728 constat.
399 653 529 728 Seneca
542 653 636 727 enim
651 675 745 730 nunc
768 653 862 757 diem
878 655 1005 744 istum,
1022 679 1126 752 quam
1144 668 1224 732 tau·

155 797 265 872 quarn
290 784 485 850 extremum
510 775 801 864 reformidamus,
826 776 946 851 aeterni
975 777 1127 852 natalem
1153 781 1225 854 lore

128 889 131 894 ‘
156 897 358 988 contendit3
378 920 489 987 nunc,
507 898 574 972 hac
591 897 633 972 de
648 899 819 972 sententia
839 898 1029 988 decedens,
1050 901 1118 974 hoc
1136 901 1225 975 lutu-

156 1037 239 1091 rum
263 1038 340 1091 esse
353 1027 432 1115 post
448 1038 512 1092 nos
531 1017 624 1114 quod
643 1026 722 1092 ante
739 1039 801 1092 nos
817 1019 922 1092 luerit
944 1017 1054 1094 credit
1068 1031 1102 1093 et
1117 1021 1226 1094 consr-

157 1149 263 1213 tetur.
277 1138 382 1214 Hunc
402 1161 473 1214 non
492 1140 668 1214 rhetorem
687 1139 819 1214 idcirco
835 1140 980 1214 dixerim
988 1178 1006 1231 ,·
1017 1141 1113 1216 locos
1135 1164 1225 1237 quos
1342 1137 1349 1153 '

157 1271 281 1335 ornate
306 1260 482 1360 politeque
512 1270 635 1335 tractet
665 1272 922 1358 aucupantem,
953 1262 1013 1337 sed
1043 1263 1223 1337 hominem

159 1383 247 1458 duas
263 1384 354 1460 inter
367 1385 565 1483 opiniones,
580 1385 683 1476 utfit,
698 1387 947 1476 fluctuantem,
962 1397 996 1462 et
1009 1410 1103 1462 nuuc
1118 1388 1226 1476 hanc,

158 1531 256 1583 nunc
288 1508 385 1585 illam
420 1509 607 1585 scribendo
636 1510 859 1586 evolventem.
890 1509 968 1585 Sive
998 1509 1034 1585 in
1063 1511 1227 1609 operibus

162 1652 255 1706 mere
272 1630 544 1731 philosophicis,
567 1632 691 1706 sivein
710 1631 836 1708 sabulis
863 1632 896 1710 ei
923 1633 1074 1708 adscribi
1099 1634 1225 1723 solitis,

162 1753 292 1828 Seneca
308 1753 351 1828 de
366 1767 497 1846 morte,
515 1755 544 1829 si
560 1777 630 1830 non
649 1765 868 1846 constanter,
887 1766 922 1830 at
938 1755 1047 1830 vivide
1062 1765 1097 1830 et
1114 1757 1226 1854 gravi-

160 1885 212 1951 ter
228 1877 404 1974 loquitur,
425 1890 462 1952 ut
476 1878 536 1975 qui
556 1900 633 1974 quae
650 1900 728 1953 vere
746 1878 894 1953 senserit
907 1879 942 1952 in
962 1901 1115 1976 praesens
1135 1878 1228 1952 dicat

158 2005 194 2071 ot
220 1996 389 2070 enuntiet.
414 1996 505 2082 Quid
531 1998 599 2071 hoc
621 1997 800 2072 Troadum
827 1997 982 2072 carmine
1009 1996 1227 2070 rnirabilius‘.l

159 2118 380 2194 -Primum
393 2143 468 2196 rem
486 2121 523 2195 in
539 2121 801 2195 contentionem
815 2131 933 2195 vocat:

269 2292 368 2348 Verum
382 2289 443 2347 est?
457 2304 491 2346 an
508 2291 620 2347 timidos
634 2289 725 2347 tabula
743 2290 861 2361 decipit,

267 2387 383 2444 Umbras
397 2386 562 2458 corporibus
576 2385 668 2443 vivero
683 2384 822 2442 conditis?

269 2483 336 2540 Cum
350 2483 451 2553 conjux
463 2482 552 2539 oculis
566 2481 697 2552 imposuit
710 2495 836 2554 manum,

269 2583 475 2654 supremusque
488 2581 548 2640 dies
561 2581 669 2639 solibus
682 2582 803 2652 obstitit,

267 2676 300 2732 lit
313 2675 407 2731 tristes
423 2676 531 2733 cineres
546 2688 614 2731 urna
628 2676 764 2745 coercuit,

267 2768 327 2826 Nou
342 2768 456 2838 prodest
468 2767 585 2824 animam
603 2767 711 2824 tradere
725 2768 830 2838 lunari,

268 2863 321 2920 Sed
334 2866 421 2920 restat
432 2862 542 2919 miseris
554 2862 644 2918 vivere
658 2861 787 2933 longius?

267 2957 308 3014 hu
319 2958 369 3013 toti
380 2957 524 3028 morimur,
538 2956 668 3025 nullaque
681 2970 746 3027 pars
759 2961 851 3012 manet
942 2977 944 2984 >

205 3051 208 3058 ’
267 3049 375 3118 Nostri,
392 3063 453 3107 cum
466 3048 582 3120 profugo
596 3048 710 3119 spiritus
723 3047 813 3104 halitu

266 3143 404 3201 immistus
417 3144 526 3200 nebulis
540 3143 625 3200 cessit
642 3143 668 3197 in
683 3155 746 3198 acra
762 3185 769 3211 ‚

268 3241 301 3298 Et
314 3241 417 3298 nudum
430 3241 522 3311 tetigit
534 3239 644 3297 subdita
655 3236 701 3294 fax
713 3237 787 3294 latus
800 3236 825 3293 ¹?

209 3393 396 3469 Neminem
414 3396 501 3491 fugit
518 3418 592 3470 rem
608 3416 679 3468 non
693 3393 809 3468 solum
828 3415 846 3466 a
862 3401 963 3491 poeta
980 3390 1109 3480 luisse,
1127 3412 1225 3465 more

162 3516 440 3608 dialecticorum,
456 3517 492 3592 in
506 3517 778 3593 controversiam
792 3526 966 3604 vocatam,
977 3515 1038 3590 sed
1052 3525 1131 3588 ante
1145 3538 1227 3588 ocu-

162 3638 230 3729 los,
248 3638 424 3735 pictorum
439 3641 527 3732 ritu,
544 3641 644 3738 quasi
663 3639 895 3738 propositam,
911 3649 949 3712 ut
963 3637 1095 3712 valdius
1109 3635 1223 3733 l'egeu·

164 3763 251 3835 tium
270 3775 456 3861 occuparet
473 3775 507 3837 et
531 3764 722 3862 corriperet
738 3773 882 3838 mentes.
903 3760 985 3836 Haec
1003 3761 1224 3856 conjuxque

164 3884 322 3984 conjugis
336 3885 467 3959 claudit
481 3887 620 3975 oculos,
639 3886 714 3960 haec
727 3908 815 3960 urna
834 3907 911 3981 quae
925 3894 1061 3958 coercet
1074 3882 1225 3971 cineres,

164 4006 221 4079 hic
239 4006 382 4103 spiritus
399 4004 435 4079 in
450 4029 552 4080 auras
565 4007 717 4093 efflatus,
734 4028 812 4094 nos,
831 4004 956 4077 invitos
972 4003 1096 4088 etiarn,
1114 4013 1227 4110 atten-

200 4243 209 4280 ¹
228 4243 344 4314 Troum,
358 4258 383 4299 v.
401 4247 462 4300 369,
