3042 5086
247 663 357 789 DE
394 659 689 790 STOICA
726 658 1201 788 DISCIPLINA

444 976 564 1063 Iron
585 972 751 1062 POETAS
769 972 994 1064 IllllthllS.

665 1260 770 1282 ..0.-

607 1578 781 1656 GAPUT
814 1579 841 1656 l.

306 1750 341 1804 nr
359 1749 430 1815 ouo
446 1749 664 1806 orsonnranr
681 1749 802 1806 ronsrs
818 1751 865 1806 nr
882 1749 1129 1810 rnrnosornn.

237 2000 371 2076 Harum
396 2001 638 2076 doctrinarum
666 2001 872 2092 etardum,
900 2025 978 2100 quae
1005 2013 1088 2078 sunt
1113 2003 1256 2080 hornine

188 2121 341 2219 ingenuo
366 2121 499 2218 dignae,
522 2122 592 2196 virn
615 2131 648 2196 et
673 2131 836 2195 naturam
866 2121 1171 2196 considerantibus
1197 2135 1256 2197 aut

187 2264 370 2340 perpaucae
385 2250 444 2315 aut
462 2240 567 2315 nullae
585 2240 695 2336 magis
715 2240 806 2314 inter
822 2262 860 2316 se
878 2240 1079 2316 discordare
1094 2265 1134 2316 ac
1150 2266 1255 2342 repu-

186 2390 294 2464 gnare
315 2367 478 2440 videntur
503 2389 609 2464 quarn
635 2363 749 2462 poesis
778 2373 812 2437 et
836 2363 1068 2463 philosophia.
1096 2365 1253 2452 Quarum

186 2509 257 2560 una
272 2485 434 2560 sensibus
453 2496 486 2560 et
504 2508 543 2559 ea
561 2506 667 2582 quam
686 2483 884 2582 philosophi
904 2484 972 2558 vim
992 2484 1253 2583 imaginativam

187 2607 379 2708 appellant,
406 2607 513 2681 altera
539 2605 767 2703 intelligentia
792 2616 827 2681 et
853 2606 1117 2683 ratiocinatione
1143 2609 1255 2708 pluri·

185 2754 286 2806 murn
302 2730 392 2805 valet
400 2756 410 2821 ;
429 2731 475 2804 ita
495 2727 626 2818 utilia,
645 2729 794 2821 pulchra
812 2728 1000 2827 dulciaque
1023 2730 1128 2806 simul
1148 2754 1252 2830 opera

184 2853 368 2950 fingendo,
391 2850 588 2927 incredibili
611 2851 763 2948 quadam
784 2852 1005 2950 jucunditate
1029 2853 1157 2928 alliciat
1178 2855 1253 2928 ani-

183 2999 277 3067 mOS,
294 2977 369 3051 haec
383 2985 517 3064 autern,
531 2976 691 3050 veritates
706 2976 822 3051 adhuc
836 2975 1010 3052 inauditas
1027 2978 1251 3078 reperiendo,

61 3171 65 3176 .
184 3109 245 3174 aut
270 3099 444 3198 dispersas
471 3098 729 3186 connectendo,
759 3097 895 3193 insigne
925 3099 1102 3196 quoddam
1130 3101 1250 3176 lumen

184 3225 364 3300 mentibus
383 3223 552 3322 praeierat.
577 3221 683 3296 Poeta
705 3243 769 3296 suo
787 3244 934 3296 munere
952 3223 1002 3296 sic
1020 3223 1203 3320 fungetur,
1222 3225 1249 3298 si

183 3345 339 3443 singulas
356 3345 552 3442 argumenti
567 3343 751 3442 cujusdam
763 3354 877 3442 partes
891 3344 1074 3444 dissipatas
1089 3367 1129 3421 ac
1142 3346 1251 3423 disso-
1349 3333 1352 3343 ’

184 3471 274 3545 lutas
286 3469 378 3544 inter
392 3491 428 3543 se
441 3467 631 3544 devinxerit
646 3477 749 3567 atque
763 3490 871 3542 unam
886 3468 929 3542 ad
944 3469 1093 3544 formam
1105 3470 1250 3546 reduxe-

184 3593 247 3681 rit,
263 3612 334 3665 non
353 3589 535 3664 deficiente
550 3611 719 3686 generoso
735 3589 794 3663 illo
813 3588 920 3662 animi
934 3589 1068 3688 impetu
1086 3600 1120 3664 et
1133 3590 1249 3665 divino

184 3715 245 3790 illo
260 3713 360 3813 quasi
377 3715 510 3802 lurore,
525 3714 600 3788 sine
614 3736 683 3810 quo
701 3735 824 3811 poema
841 3714 1004 3811 quodvis,
1018 3715 1109 3790 siout
1122 3738 1249 3815 corpus

185 3838 301 3910 anima
325 3856 465 3924 carens,
484 3833 585 3930 friget
602 3843 636 3907 et
651 3833 891 3930 exstinguitur.
908 3833 1144 3932 Philosophus
1163 3857 1249 3908 oon-

183 3969 234 4033 tra
251 3981 291 4034 ea
307 3969 444 4031 tanturn
468 3957 543 4052 lege
558 3956 622 4031 erit
645 3957 739 4030 omni
766 3955 869 4031 laude
887 3956 1105 4046 cumulatus,
1122 3967 1163 4029 ut
1179 3956 1248 4046 rei,
1439 4009 1445 4020 ,

184 4081 225 4155 ad
242 4103 348 4176 quarn
367 4078 472 4153 luerit
489 4078 663 4167 intentus,
676 4078 836 4176 sejungat
849 4087 882 4152 et
895 4077 1075 4152 abstrahat
1091 4078 1248 4178 proprie-

183 4191 289 4291 tates,
317 4209 420 4296 atque
446 4197 508 4272 has
534 4198 724 4296 generatim
753 4197 902 4292 digestas
928 4196 1038 4293 perite
1064 4197 1191 4272 condat
1214 4209 1249 4271 et
