3002 5084
782 523 828 597 89

275 695 414 769 cunque
436 671 612 746 Panaetius
637 682 672 744 et
699 669 837 744 Marcus
862 668 998 743 Tullius
1023 690 1150 764 magna
1177 690 1262 742 cum
1287 667 1340 741 di·

274 791 376 866 cendi
395 790 552 865 ubertate
570 799 605 863 et
630 788 747 886 copia,
770 788 807 861 in
835 788 907 863 suis
928 788 978 862 De
1004 786 1129 862 officiis
1154 786 1340 885 operibus,

272 914 545 1013 explicaverunt,
563 911 701 1002 eadem,
718 910 785 1010 ipsi
800 911 983 986 Lactantio
1001 911 1030 984 si
1044 910 1219 1001 creditur,
1237 909 1343 983 Luci-

272 1037 357 1127 lius,
375 1035 512 1110 brevius
530 1044 565 1108 et
586 1034 769 1130 angustius
789 1056 907 1132 pressa
929 1033 1057 1107 suisio
1077 1031 1342 1108 definitionibus

273 1153 475 1253 complexus
493 1164 564 1228 est:
586 1153 736 1242 «Prius,
757 1153 872 1250 inquit
893 1153 1114 1241 LactantiuS,
1137 1175 1244 1249 quam
1270 1151 1343 1224 sin-

272 1274 372 1371 gulas
390 1273 532 1347 virtutes
550 1294 721 1370 exponere
745 1271 895 1370 incipio,
914 1272 1182 1347 determinanda
1201 1281 1254 1347 est
1267 1271 1342 1369 ipsa

272 1399 429 1472 virtus...
449 1396 688 1493 Quaecumque
706 1405 824 1470 autem
851 1395 887 1469 in
913 1396 1115 1472 definitione
1131 1395 1269 1470 virtutis
1287 1415 1344 1469 so-

273 1521 347 1595 lent
364 1520 497 1611 dicere,
516 1521 637 1619 paueis
664 1520 822 1604 versibus
852 1520 984 1616 colligit
1009 1531 1043 1596 ct
1070 1533 1211 1596 enarrat
1235 1520 1344 1595 Luci·

275 1643 361 1718 lius:
380 1664 468 1739 quos
489 1641 582 1716 malo
607 1641 772 1739 equidem
789 1665 937 1741 ponere,
956 1666 1020 1732 ne,
1043 1642 1130 1717 dum
1148 1643 1344 1717 multorum

274 1764 463 1840 sententias
479 1764 613 1855 refello,
628 1764 696 1839 sim
711 1765 847 1863 longior
860 1788 967 1862 quam
981 1787 1123 1841 necesse
1140 1777 1192 1841 est
1204 1767 1230 1838 ¹.
1248 1790 1266 1837 n

345 1963 453 2034 Virtus,
467 1963 577 2034 Albine,
591 1967 635 2021 est
648 1964 766 2035 pretium
781 1963 938 2034 persolvere
953 1977 1063 2034 verum,
1088 2006 1094 2014 .

229 2061 232 2066 ’
345 2058 431 2127 Queis
443 2059 471 2115 in
484 2072 641 2131 versamur,
657 2061 737 2132 queis
749 2058 858 2117 vivimu'
875 2059 952 2116 rebu’
967 2063 1094 2130 potesse:

347 2157 440 2215 virtus
454 2161 496 2213 est
509 2157 626 2225 homini,
640 2156 713 2214 scira
728 2156 773 2227 id,
789 2155 863 2228 quod
877 2169 993 2228 quaeque
1006 2156 1106 2213 habeat
1119 2169 1175 2212 res.

347 2253 440 2312 Virtus
453 2254 525 2310 seire
538 2253 641 2310 homini
655 2259 776 2324 rectum,
794 2254 874 2323 utile,
890 2254 956 2324 quid
970 2255 1008 2311 stt
1022 2254 1184 2326 honestum

348 2349 414 2417 Quae
426 2346 512 2419 bona,
527 2360 588 2419 quae
600 2347 671 2404 mala
684 2347 764 2418 item,
779 2347 853 2418 quod
868 2346 979 2418 inutile,
994 2351 1090 2419 turpe,
1105 2344 1292 2403 inhonestum.

328 2510 391 2586 His
408 2513 445 2586 in
464 2513 621 2600 versibus
644 2514 712 2588 hoc
740 2523 800 2588 aut
823 2513 910 2588 illud
938 2512 1082 2588 verbum
1109 2513 1152 2587 de
1178 2514 1254 2588 loco
1282 2536 1347 2589 suo

280 2641 382 2732 prave
408 2634 524 2707 forsan
547 2634 612 2707 suit
629 2646 783 2723 motum,
811 2644 871 2708 aut
897 2634 1026 2708 rectius
1053 2635 1198 2710 omuino
1226 2636 1350 2712 luisset

280 2759 449 2850 recisum;
468 2758 528 2833 sed
555 2770 672 2833 tamen
700 2760 882 2834 Lactantio
909 2781 979 2833 non
1007 2762 1178 2836 assentior
1199 2749 1348 2854 dicenti,

280 2880 358 2954 ideo
376 2880 552 2954 Lucilium
571 2881 676 2955 nimis
694 2881 906 2956 redundanti
924 2906 1029 2957 usum
1047 2884 1154 2958 luisse
1172 2885 1346 2976 oratione,

282 3004 375 3102 quod
393 3006 581 3079 honestum
599 3016 633 3078 et
659 3004 903 3095 inhonestum,
920 3006 1006 3080 utile
1032 3018 1066 3081 et
1088 3007 1212 3083 inutile
1231 3009 1349 3084 nomi·

169 3142 172 3150 ·
283 3125 431 3215 noverit,
449 3125 507 3199 ubi
522 3126 656 3201 bouum
671 3137 705 3202 et
718 3127 852 3202 malum
868 3128 950 3202 satis
964 3127 1085 3202 luisset
1099 3128 1237 3222 dicere;
1253 3130 1348 3227 quod

283 3245 377 3318 enim
395 3243 548 3334 bonum,
566 3245 697 3344 inquit,
723 3245 759 3319 id
784 3268 923 3342 quoque
941 3247 1026 3321 utile
1053 3247 1098 3321 sit
1124 3270 1268 3323 necesse
1286 3260 1348 3324 est.

284 3366 380 3456 Hoc,
399 3367 522 3457 credo,
540 3367 717 3441 Lucilium
743 3391 967 3465 nequaquam
991 3369 1095 3464 sugit,
1121 3368 1201 3458 sed,
1218 3381 1259 3443 ut
1277 3371 1352 3468 ple·

273 3488 403 3584 risque
421 3487 555 3576 stoicis,
579 3489 623 3563 ita
643 3489 685 3563 ei,
698 3490 830 3587 placuit
855 3512 929 3565 rem
955 3490 1115 3565 eamdem
1140 3491 1258 3587 plures
1277 3516 1353 3569 ver-

286 3631 363 3682 sare
381 3608 417 3681 in
435 3619 569 3705 partes;
585 3606 880 3705 Ciceronemque,
897 3609 933 3682 in
950 3631 1013 3683 suo
1026 3609 1077 3683 De
1090 3609 1228 3707 Officiis
1244 3610 1353 3701 libro,

287 3729 558 3824 Horatiumque,
574 3730 754 3803 notissima
770 3730 805 3803 iu
820 3730 982 3829 epistola,
993 3730 1087 3805 idem
1098 3731 1198 3807 video
1210 3733 1352 3824 fecisse,

287 3875 352 3928 nec
370 3851 406 3925 in
424 3851 712 3948 vituperationem
730 3851 839 3927 ullam
855 3852 1032 3928 cecidisse.
1055 3852 1114 3929 Sic
1137 3853 1181 3929 de
1197 3853 1350 3932 Homero

286 3971 346 4044 hic
360 3969 532 4068 loquitur:

327 4224 334 4254 ¹
347 4228 416 4285 luat.
432 4227 505 4300 etr,
523 4230 541 4286 l.
557 4231 607 4303 vl,
621 4245 644 4288 c.
659 4235 685 4288 n.
