3042 5086
816 452 863 524 39

316 598 388 671 sius
406 595 536 670 mirum
556 595 709 693 depinxit
725 597 760 670 in
780 596 943 685 modurn,
958 606 992 669 et
1006 595 1173 671 aculeatis
1193 598 1304 674 verbis
1322 600 1376 674 sic

313 725 517 816 persecutus
534 725 603 790 est:

414 933 604 948 .....
642 922 648 936 ·
689 933 695 945 .
715 891 786 947 Eece
801 890 874 947 inter
886 893 985 962 poeula
999 897 1126 963 quaeruut

416 986 566 1044 Romulidae
580 985 667 1043 saturi
679 987 745 1058 quid
759 987 802 1042 dia
815 993 942 1057 poemata
956 995 1076 1045 narrent.

414 1085 466 1142 llic
479 1084 593 1156 aliquis,
608 1084 653 1141 cui
666 1084 769 1143 circum
782 1084 912 1142 humeros
927 1086 1103 1158 hyacinthina
1115 1087 1185 1146 laena
1198 1093 1254 1160 est,

416 1179 597 1236 Rancidulum
611 1178 739 1249 quiddam
752 1178 832 1235 balba
847 1179 880 1235 de
895 1193 961 1237 nare
974 1180 1098 1252 loeutus,

415 1277 567 1350 Phyllidas,
582 1275 759 1349 Hypsipyles,
773 1282 865 1334 vatum
879 1284 907 1334 et
919 1279 1052 1350 plorabile
1066 1281 1090 1336 si
1104 1281 1170 1352 quid

414 1373 538 1445 Eliquat,
552 1377 580 1430 et
592 1378 688 1430 tenero
703 1373 862 1444 supplantat
875 1374 956 1430 verba
969 1375 1060 1445 palato
1075 1375 1093 1431 ¹.
1140 1399 1142 1404 ·

359 1528 449 1614 Quid
467 1531 561 1627 quod
581 1531 722 1627 pessimi
740 1531 797 1606 isti
815 1511 944 1629 poetae,
963 1553 1033 1605 non
1060 1530 1176 1607 solum
1192 1532 1374 1622 scribunt,

282 1701 285 1709 .
310 1647 398 1721 nihil
420 1649 514 1747 quod
539 1649 694 1724 scribant
719 1649 902 1740 habentes
923 1649 965 1724 de
990 1649 1122 1748 ingenii
1150 1650 1242 1725 sarna
1270 1651 1375 1725 unice

306 1771 444 1846 solliciti
453 1798 463 1863 ;
478 1770 555 1862 sed,
567 1782 608 1847 ut
623 1771 824 1846 auditorum
836 1772 964 1846 certius
976 1772 1043 1847 sibi
1054 1773 1243 1848 concilient
1254 1773 1382 1860 suffra-q

305 1895 380 1991 gia,
398 1916 522 1969 eorum
540 1893 701 1969 sensibus
720 1895 877 2003 serviunt
895 1896 989 1969 etad
1007 1894 1261 1971 blandiendum
1283 1896 1374 1970 vitiis

308 2027 398 2092 totos
412 2041 449 2093 se
461 2019 755 2092 accommodant?
772 2017 898 2093 Nonne
916 2019 991 2110 hio,
1010 2043 1121 2117 quum
1139 2021 1181 2097 de
1199 2021 1373 2111 moribus,

307 2150 384 2215 tum
403 2141 446 2216 de
464 2141 666 2217 liberalibus
685 2141 817 2217 artibus
842 2143 930 2218 bene
947 2155 1121 2235 meretur,
1149 2145 1227 2242 qui,
1247 2145 1373 2220 talibus

309 2267 419 2364 poetis
438 2268 535 2342 ornni
554 2269 764 2343 contumelia
781 2269 925 2358 vexatis,
944 2269 1077 2366 poesim
1093 2270 1205 2368 ipsam
1222 2281 1374 2368 prostra-

309 2395 380 2459 tam
394 2397 428 2460 et
439 2386 614 2483 dignitatis
628 2387 872 2463 immemorem
886 2389 1008 2464 nititur
1019 2389 1184 2482 excitare,
1198 2391 1272 2465 etei
1283 2415 1373 2488 prm-

309 2505 457 2578 stantius
473 2505 640 2583 adscribit
654 2509 806 2582 munus‘l
820 2508 1010 2606 Nunquam
1024 2510 1119 2585 enim
1137 2513 1231 2608 quod
1248 2512 1323 2586 vult
1338 2513 1373 2588 id

311 2635 546 2724 consequetur
558 2628 689 2724 poesim
707 2640 762 2716 nt,
780 2629 893 2703 efficta
909 2629 1060 2725 quadam
1079 2629 1202 2705 divinae
1215 2632 1373 2730 pulchri·

309 2748 441 2823 tudinis
454 2749 622 2846 imagine,
637 2750 822 2824 hominum
837 2761 971 2825 mentes
983 2752 1080 2849 juvet
1093 2762 1127 2826 et
1140 2754 1372 2850 permulceat,
1419 2817 1423 2827 .

309 2873 357 2963 si,
377 2873 590 2970 coquinariae
602 2873 685 2949 artis
703 2870 789 2948 sacta
809 2876 1069 2973 quodammodo
1083 2877 1224 2968 aemula,
1243 2880 1373 2978 turpis·

309 2996 435 3071 simam
450 3019 626 3094 quamque
640 2997 794 3096 eorporis
811 3009 945 3098 partem
960 2999 1075 3074 solum
1090 3000 1286 3075 titillaverit.
1304 3002 1372 3077 lta·

310 3139 378 3213 que
391 3139 553 3214 magnam
569 3117 656 3191 mihi
671 3129 811 3193 movent
824 3117 1091 3194 admirationem
1104 3122 1280 3213 earmina,
1296 3124 1371 3220 qui·

309 3239 377 3354 bus
393 3242 533 3316 Persius
550 3242 762 3339 perniciosas
780 3241 862 3316 istas
877 3243 1024 3340 ineptias
1042 3241 1247 3318 insectatur:

412 3442 526 3499 Scilicet
538 3441 596 3498 haee
612 3442 714 3512 populo
731 3453 871 3512 pexusque
885 3445 949 3512 toga
963 3443 1083 3514 recenti,

415 3535 448 3591 Et
463 3534 585 3590 natalitia
599 3534 707 3590 tandem
721 3548 783 3590 curn
796 3534 966 3604 sardonyche
978 3535 1075 3605 albos,

413 3629 484 3686 Sede
497 3629 572 3700 leges
590 3629 678 3700 celsa,
692 3627 796 3699 liquido
810 3643 892 3700 quum
907 3629 1038 3700 plasmate
1050 3636 1146 3702 guttur

413 3724 514 3784 Mobile
526 3724 671 3797 calluerit,
685 3726 804 3796 patranti
821 3725 926 3782 tractus
938 3727 1026 3783 ocello
1033 3726 1052 3783 ².

341 4097 349 4135 ¹
365 4099 440 4155 Pers.
454 4101 526 4170 Sat,
540 4101 566 4172 l,
580 4114 604 4155 v.
620 4103 664 4156 30.

342 4192 455 4262 ricem,
470 4207 495 4251 v.
509 4197 554 4249 ro.
