3042 5086
753 487 757 500 “
812 483 834 553 h

244 621 248 628 '
284 622 480 720 vulgarium
498 647 538 698 ac
557 624 720 699 tritarum
745 627 954 725 opinionum
976 628 1246 725 contemptrice,
1271 628 1353 725 phi-

284 742 460 840 losophia,
487 746 598 840 magis
626 747 809 844 magisque
837 749 874 822 in
904 749 977 822 dies
1001 759 1197 844 grassante,
1225 762 1260 822 et
1285 748 1352 823 sibi

284 887 362 961 quae
376 866 418 939 ad
438 878 602 941 naturam
620 879 654 942 et
666 893 743 966 quae
759 869 802 944 ad
820 870 1092 968 rempublicam,
1112 895 1189 967 quae
1206 869 1250 944 ad
1268 870 1350 944 reli-

283 991 423 1084 gionem
442 1001 476 1064 et
493 1013 572 1087 quae
589 992 632 1065 ad
655 993 838 1068 historiam
856 994 1033 1091 pertinent
1052 993 1267 1081 vindicante,
1288 993 1352 1067 ho-

283 1107 396 1182 mines
420 1109 588 1206 paulatim
616 1122 749 1185 exuunt
769 1123 898 1187 veteres
925 1135 1064 1200 sensus,
1084 1135 1124 1186 oc
1142 1110 1248 1186 totius
1275 1110 1352 1184 vitae

243 1239 246 1245 ’
283 1253 680 1330 summam,rerumque
710 1235 970 1310 universitatem
1000 1236 1102 1330 longe
1129 1211 1227 1308 aliter
1246 1244 1349 1330 atque

283 1363 383 1426 autea
404 1355 521 1428 animo
540 1366 573 1429 et
592 1356 800 1451 cogitatione
819 1357 1133 1455 comprehendunt.

329 1473 432 1570 Vulgi
450 1474 674 1571 opinionibus
692 1478 743 1551 sic
760 1477 953 1552 emendatis
968 1488 1001 1550 et
1019 1477 1062 1550 ad
1080 1488 1184 1551 rectae
1201 1474 1344 1549 rationis
1436 1483 1440 1488 ’

282 1618 444 1670 normam
462 1599 649 1689 revocatiS,
668 1599 710 1674 de
728 1601 838 1696 poetis
857 1601 942 1696 quid
963 1601 1039 1674 heri
1056 1610 1186 1697 potest,
1211 1600 1271 1695 qui
1288 1620 1343 1672 se-

282 1720 475 1804 verioribus
494 1723 628 1798 artibus
651 1747 730 1798 vera
749 1725 928 1797 tractanda
953 1747 1093 1822 semper
1110 1722 1348 1820 reliquerunt,

283 1851 317 1914 et
328 1863 390 1915 sua
404 1843 559 1916 carmina
573 1843 664 1917 fictis
674 1843 824 1917 intexere
834 1847 978 1917 solenne
993 1843 1210 1917 habuerunt‘l
1221 1842 1346 1915 Utrum

282 1964 433 2038 recentia
453 1964 645 2061 eademque
665 1988 742 2038 vera
763 1975 1003 2055 contemnent,
1023 1965 1177 2062 salsaque
1192 1974 1227 2038 et
1244 1963 1349 2038 obso-

284 2086 349 2160 leta
369 2087 585 2161 carminibus
602 2099 871 2185 persequentum
891 2110 934 2160 an
958 2110 1044 2182 nova
1067 2087 1133 2162 sibi
1152 2097 1348 2174 assument,

284 2231 362 2304 quae
378 2209 415 2281 in
431 2211 596 2306 operibus
611 2211 689 2283 novi
701 2211 837 2306 generis
854 2210 1027 2299 evolvant,
1044 2208 1348 2306 philosophorum·

283 2318 351 2427 que
373 2331 521 2406 induent
539 2355 719 2429 personas,
740 2333 893 2406 imbutos
914 2331 1162 2430 philosophicis
1180 2331 1347 2404 institutis
1431 2329 1433 2334 '
1507 2335 1508 2370 l

285 2457 420 2531 animos
436 2459 479 2531 ad
495 2481 530 2532 se
545 2459 712 2532 tracturi?
730 2458 824 2532 lnter
842 2458 1098 2555 philosophica,
1118 2480 1196 2552 qnae
1214 2456 1349 2552 potissi-

285 2603 385 2653 mum
401 2581 640 2677 usurpabunt,
658 2592 697 2653 ut
716 2581 867 2676 legentes
884 2575 954 2653 non
972 2581 1087 2655 solum
1106 2580 1269 2668 doceant,
1288 2578 1348 2652 sed

285 2700 390 2774 etiarn
410 2710 570 2774 moveant
584 2724 625 2774 ac
642 2701 841 2775 delectent?
858 2700 949 2786 Quid
974 2699 1130 2796 pulchri,
1151 2698 1246 2773 verbi
1270 2704 1348 2794 gra·

285 2822 349 2911 tia,
369 2832 404 2895 et
417 2823 552 2921 poetico
571 2824 670 2919 quasi
685 2845 770 2896 sono
789 2822 1045 2897 accommodati
1059 2822 1094 2894 in
1114 2821 1221 2895 stoica
1240 2819 1348 2894 disci-

285 2939 380 3038 plina
393 2941 593 3015 invenient?
607 2941 697 3027 Quid
711 2942 747 3015 in
764 2965 803 3016 ea
819 2943 1023 3017 aveteribus
1038 2941 1148 3040 poetis
1159 2942 1234 3038 jam
1248 2952 1346 3016 antea

284 3059 351 3133 suit
364 3060 570 3134 inventum?
586 3060 668 3150 Qui,
687 3060 779 3135 inter
796 3084 959 3136 romanos
974 3071 1087 3152 vates,
1106 3061 1253 3137 Zenonis
1272 3063 1348 3136 ion·
1455 3133 1457 3137 ,
1507 3135 1508 3156 ἶ

285 3189 355 3255 tem
372 3181 586 3279 primoribus
600 3181 793 3278 attigerunt
803 3182 1009 3268 labris‘lQui
1020 3182 1178 3257 fecundis
1190 3183 1348 3278 ejusdem

284 3304 320 3377 in
340 3305 438 3400 aquis
464 3327 500 3379 se
528 3315 617 3380 totos
642 3305 870 3402 proluerunt‘l
894 3306 938 3378 Et
966 3328 1071 3401 quem
1097 3305 1226 3378 exitum
1246 3305 1300 3376 his
1315 3314 1349 3397 et

284 3422 352 3495 illis
370 3445 425 3496 res
445 3424 588 3499 habuit?
609 3423 693 3497 Haec
719 3424 837 3496 omnia
861 3423 947 3496 mihi
977 3423 1140 3520 cogitanti
1169 3422 1211 3497 de
1237 3422 1347 3520 poetis

182 3589 187 3601 ·
283 3543 399 3621 latinis
415 3549 692 3623 stoicissantibus
711 3550 765 3646 (ut
778 3548 882 3624 verbo
901 3559 979 3623 utar
993 3546 1086 3646 apud
1098 3548 1254 3646 Lipsium
1274 3547 1347 3621 usi-

282 3669 453 3743 tatissimo
468 3670 494 3766 ¹)
524 3669 733 3765 inquirenda
763 3680 1008 3758 occurrerunt,
1036 3691 1100 3742 nec
1127 3667 1255 3741 minori
1274 3668 1344 3740 visa

282 3801 364 3864 sunt
376 3791 492 3866 studio
506 3791 611 3887 digna
627 3814 733 3887 quam
747 3814 801 3864 res
814 3791 888 3889 ipsa
902 3792 945 3865 ad
961 3813 1067 3887 quam
1081 3789 1123 3863 ab
1137 3788 1236 3862 initio
1248 3811 1347 3886 spec·

192 3972 194 3974 .
281 3922 449 4004 taveram,
468 3913 515 3986 ita
534 3922 573 3986 ut
600 3935 670 3986 non
697 3913 813 3988 solum
832 3912 918 4009 quid
943 3910 1164 4009 philosophia
1183 3909 1345 4007 quaedam

318 4182 324 4218 ¹
336 4185 406 4240 lust.
420 4183 542 4255 lipsiuS,
558 4181 744 4240 Munuductio
757 4180 800 4238 ad
811 4184 932 4238 stoicum
939 4179 1171 4252 philosophiam,
1181 4182 1305 4251 possim.
