3002 5084
625 503 671 576 79

157 624 342 700 Incassum
359 623 419 698 llei
437 623 585 726 gratiam
611 637 646 700 et
667 626 836 700 benellcia
854 626 996 724 aliquis,
1011 627 1179 724 appositis

101 745 279 844 dapibuS,
293 756 426 848 captet,
445 745 563 845 judice
578 747 719 838 Persio;
738 770 821 822 nam
837 758 979 824 contra:

182 965 189 980 .
229 963 237 980 .
274 964 281 978 .
413 924 567 983 .Grandas
580 926 681 997 patinae
694 931 841 999 tnoetaqne
855 941 950 985 crassa

181 1015 310 1074 tnnuere
322 1015 365 1074 his
377 1031 496 1090 superos
509 1023 637 1092 vetuere,
650 1023 798 1093 lovemque
814 1027 955 1080 morantur
968 1021 984 1078 ¹.

159 1173 307 1250 Frustra
322 1174 359 1249 in
374 1175 505 1252 hostias
519 1176 590 1252 Deo
604 1177 808 1252 mactandas
822 1187 855 1254 et
868 1178 903 1252 in
918 1200 1022 1253 aurea
1036 1199 1114 1252 vasa
1126 1198 1182 1251 sa-

109 1297 315 1372 cerdotibus
340 1298 515 1374 offerenda
539 1321 708 1397 magnum
731 1299 886 1376 effundat
910 1299 1179 1399 patrimonium:

111 1441 183 1494 non
199 1429 358 1511 externa,
373 1420 434 1495 sed
448 1421 585 1497 interna
598 1422 690 1497 bona
706 1422 750 1497 ab
765 1443 805 1496 eo
819 1421 964 1520 requirit
979 1421 1081 1498 Deus.

158 1543 334 1618 Praeclara
353 1545 514 1642 quaedam
533 1545 575 1620 de
599 1545 780 1622 sacrificiis
803 1547 868 1622 rite
891 1548 1132 1646 perpetrandis
1150 1559 1184 1622 et

118 1663 158 1737 de
171 1665 357 1739 offerendis
371 1665 441 1741 lieo
457 1667 664 1743 muneribus
678 1669 819 1768 scripsit
834 1669 951 1761 Plato,
967 1693 1044 1768 quae
1059 1680 1183 1747 auctor

114 1788 374 1866 interserentes
393 1789 658 1884 celeberrimus,
673 1793 709 1867 in
724 1814 764 1867 eo
781 1815 885 1892 opere
900 1795 992 1892 quod
1007 1795 1049 1868 de
1064 1793 1181 1890 legum

111 1910 254 2009 ingenio
282 1911 500 2010 composuit,
518 1911 618 1987 valde
634 1913 782 1988 miratus
808 1915 895 1987 esst.
923 1912 1006 1986 Vult
1031 1913 1184 2010 philoso-

112 2033 205 2130 phus
225 2034 438 2109 atheniensis
463 2056 607 2133 superos
626 2057 697 2110 non
714 2035 816 2110 facile
834 2034 1015 2110 sacrificiis
1033 2033 1183 2132 placari,

112 2179 244 2254 eosque
263 2157 444 2232 contendit
466 2157 658 2255 impiorum
677 2179 841 2255 respuere
859 2178 1027 2246 munera,
1054 2155 1183 2253 quippe
1285 2217 1300 2234 .

113 2299 193 2374 queo
211 2299 230 2350 a
245 2276 403 2373 quolibet
417 2277 577 2368 homine,
593 2277 622 2351 si
641 2277 745 2351 modo
762 2277 806 2350 sit
820 2275 1043 2351 mediocriter
1059 2275 1184 2349 hones-

112 2410 190 2492 tus,
215 2423 287 2475 non
314 2400 542 2499 accipiantur.
568 2401 760 2491 Praeterea‚
782 2399 919 2497 egregio
944 2399 994 2474 illi
1018 2399 1107 2490 viro,
1131 2398 1183 2474 Ci-

113 2519 305 2617 ceronique
337 2520 412 2617 ejus
445 2519 617 2618 discipulo
649 2520 762 2618 placet
791 2542 862 2594 non
893 2519 1073 2618 splendida
1104 2529 1183 2593 ante

114 2663 192 2714 aras
210 2639 352 2736 congeri
368 2637 476 2730 dona,
489 2661 555 2714 nec
576 2639 695 2714 omnia
712 2638 749 2713 in
766 2639 905 2739 templis
924 2662 1008 2714 auro
1025 2649 1196 2736 argentos

115 2784 184 2860 que
202 2762 353 2858 luigere;
377 2761 450 2837 sola
478 2762 573 2835 enim
603 2763 841 2837 venerantium
868 2762 995 2860 pietate
1019 2761 1184 2838 delectori

114 2887 240 2962 Deum.
269 2886 352 2962 Haec
377 2885 500 2961 eadem
527 2887 658 2962 stoicus
683 2896 801 2961 noster
827 2899 929 2985 poeta
954 2887 1182 2962 nobilissimis

114 3007 273 3082 versibus
292 3005 495 3097 declaravit,
523 3006 652 3103 quibus
678 3029 756 3080 vasa
784 3008 971 3103 magnifica
999 3031 1016 3082 a
1044 3007 1183 3105 templis

114 3131 287 3206 removeri
296 3129 413 3228 jubet,
429 3151 556 3226 easque
575 3138 755 3204 terrestres
774 3128 1042 3225 coelestiumque
1061 3129 1183 3204 inanes

116 3253 270 3353 appellat
284 3254 418 3328 animas
437 3275 515 3352 quae
528 3253 617 3328 Deos
636 3251 702 3326 sibi
716 3253 856 3350 tingunt
869 3252 1022 3328 habendi
1037 3251 1183 3350 cupidos

116 3397 311 3472 eorumque
328 3375 364 3449 in
383 3373 573 3473 penetralia
591 3383 729 3448 nostros
746 3394 861 3447 mores
879 3371 1093 3447 immittunt:

225 3557 297 3626 Quin
310 3555 407 3615 damus
421 3556 448 3615 id
462 3557 588 3629 Superis,
604 3556 637 3614 do
652 3569 750 3628 magna
763 3555 837 3627 quod
851 3555 916 3613 dara
929 3555 1008 3614 lance

225 3654 287 3714 Non
303 3655 392 3726 possit
405 3655 495 3726 magni
509 3655 635 3714 Messalae
648 3655 722 3726 lippa
735 3667 872 3727 propago,

225 3753 412 3823 conpositum
421 3754 469 3824 lus
482 3751 578 3824 sasque
592 3752 699 3824 animo,
713 3757 880 3823 sanctosque
894 3764 1024 3808 recessus

223 3845 339 3918 mentis,
357 3849 385 3902 et
396 3845 536 3902 incoctum
548 3858 684 3916 generoso
698 3850 796 3916 pectus
811 3841 965 3901 honesto³?

156 4069 165 4098 ¹
177 4070 254 4127 Pers.
267 4072 331 4128 Sat.
347 4069 384 4141 ll,
397 4084 424 4127 v.
438 4071 482 4129 ta.

155 4164 316 4237 *montem
332 4168 417 4238 Espr.
433 4163 562 4231 esstote,
577 4163 585 4218 l
608 4163 684 4233 llltv‚
699 4176 724 4220 c.
737 4164 764 4218 7.

156 4259 168 4298 ³
181 4262 256 4319 Pers.
272 4264 334 4319 Sat.
348 4263 387 4333 ll,
401 4275 426 4318 r.
443 4263 486 4318 tt.
