3002 5084
636 439 709 514 tot

136 603 247 659 unam
266 581 310 656 ed
336 581 484 657 sormam
506 581 663 660 reducit:
682 583 800 682 itaque
822 593 862 660 ut
879 583 962 659 hinc
980 585 1132 678 orditur,
1155 587 1203 663 ita

138 706 210 782 huc
229 704 394 782 terminat
408 716 509 812 poeta
526 708 691 784 satiram:

296 905 430 964 Omnibus
442 907 470 964 in
484 907 581 980 terris,
595 921 656 980 quae
671 912 737 966 sunt
750 920 765 966 a
778 905 901 966 Gadibus
914 921 1002 980 usque

295 999 427 1057 lluroram
441 1004 469 1057 et
481 999 608 1074 Gangen,
620 1001 702 1074 pauci
715 1001 879 1072 dignoscere
890 1006 1010 1072 possunt

296 1099 366 1158 Vera
382 1097 455 1156 bona
471 1103 553 1171 atque
570 1099 626 1156 illis
639 1099 755 1158 nultum
769 1099 891 1172 diversa,
905 1103 1008 1158 remota

295 1191 405 1250 Erroris
417 1190 518 1250 nebula
529 1191 545 1248 ¹.

183 1357 243 1432 Sic
261 1379 377 1448 orsus,
399 1359 554 1457 speciosa
582 1360 709 1457 etjam
734 1357 898 1433 omnibus
925 1367 1006 1432 nota
1033 1359 1205 1455 expromit

137 1478 329 1568 miracula,
356 1479 603 1576 ingentemque
629 1478 797 1577 Sejauum
825 1486 954 1552 restem
982 1488 1142 1552 secutum
1170 1491 1205 1552 et

136 1601 290 1676 flammis
309 1611 530 1700 crepantem,
549 1600 758 1676 Annibalem
781 1622 914 1676 veneno
938 1600 1118 1676 sublatum
1140 1622 1204 1675 an-

135 1726 334 1823 nulumque
346 1725 547 1800 Cannarum
561 1727 752 1818 vindicem,
767 1725 1004 1802 Alexandrum
1017 1751 1130 1825 nuper
1145 1751 1205 1801 an·

135 1849 245 1946 gustis
272 1848 397 1923 mundi
424 1849 595 1926 limitibus
624 1860 829 1925 aestuantem
860 1873 956 1924 nunc
987 1850 1204 1948 sarcophago

137 1980 362 2062 contentum3
387 1981 421 2046 et
438 1972 481 2045 ad
498 1994 593 2063 eam,
612 1972 697 2047 dum
719 1973 762 2048 de
779 1983 892 2047 morte
911 1972 1066 2062 disserit,
1084 1995 1203 2046 assur-

136 2096 184 2193 git
197 2094 364 2193 loquendi
383 2095 616 2184 divinitatem,
634 2118 740 2192 quam
756 2095 851 2170 solus
869 2095 1072 2169 Bossuetius
1087 2105 1206 2168 noster

137 2223 187 2287 est
199 2223 320 2311 postea
338 2226 530 2290 assecutus.
549 2214 705 2311 Denique
720 2215 795 2289 haec
813 2214 970 2312 subjicit,
988 2238 1066 2312 quae
1083 2226 1204 2289 utrum

135 2337 262 2428 stoica,
276 2361 320 2412 an
335 2337 524 2413 christiana
538 2337 604 2411 sim
621 2338 863 2412 nominatarus
878 2337 1013 2429 nescio,
1029 2337 1114 2413 adeo
1129 2338 1204 2436 ejus

135 2460 319 2551 orationis,
347 2484 452 2558 qnam
480 2461 695 2535 dominicam
721 2459 918 2559 appellant,
945 2482 1088 2536 sensum
1112 2462 1203 2537 refe-

137 2597 241 2661 runt:

296 2779 341 2839 Nil
355 2792 420 2852 ergo
434 2780 569 2851 optabunt
582 2778 727 2838 homines?
743 2781 771 2838 Si
785 2781 931 2838 consilium
944 2782 999 2854 vis,

296 2874 441 2931 Permittes
454 2873 522 2944 ipsis
536 2872 690 2944 expendere
705 2874 877 2944 numinibus,
891 2873 956 2944 quid

296 2971 447 3028 Conveniat
461 2970 555 3042 nohis,
570 2969 708 3040 rebusque
723 2971 759 3027 sit
772 2970 839 3027 utile
853 2972 966 3027 nostris.

297 3066 365 3125 Nam
378 3079 428 3137 pro
438 3066 570 3136 jucundis
583 3065 727 3136 aptissima
740 3080 855 3137 qunque
869 3066 974 3124 dabunt
986 3067 1028 3124 Dl.

298 3164 393 3221 Carior
405 3168 448 3220 est
461 3163 517 3220 illis
530 3165 627 3235 homo,
642 3177 723 3238 quam
738 3162 791 3221 sibi
801 3162 821 3219 2.

185 3332 225 3407 ln
254 3330 296 3405 iis
315 3353 393 3428 quae
419 3339 617 3428 sequuntur
637 3327 754 3402 videre
779 3328 930 3403 estsine
958 3327 1038 3402 ullis
1063 3327 1203 3426 integu-

136 3453 265 3528 mentis
292 3474 438 3548 magnos
466 3449 657 3524 stoicorum
681 3448 828 3522 animos.
859 3447 1091 3522 indolentiam
1110 3450 1203 3524 enim

136 3604 235 3670 eam,
263 3601 369 3677 quam
405 3579 594 3656 ἀπαθείαν
620 3575 731 3650 Graeci
762 3584 904 3665 vocant,
940 3584 1076 3672 exoptat
1104 3586 1204 3672 poeta

138 3699 339 3795 dolorisque
363 3697 468 3771 simul
488 3706 521 3771 et
538 3696 661 3770 mortis
676 3704 936 3794 contemptum3
962 3718 1028 3770 nec
1044 3695 1204 3769 Herculis

139 3825 259 3930 solitas
277 3821 408 3899 omittit
424 3820 566 3912 landes3
590 3821 718 3918 quibus
734 3844 772 3896 ex
791 3819 955 3896 omnibus
971 3829 1105 3895 constat
1122 3842 1204 3894 eum

175 4094 431 4166 ¹tuv.Ser.,x,r.
445 4097 471 4148 t.

178 4186 189 4224 ²
203 4191 262 4246 luv.
276 4190 350 4259 Sat,
366 4189 401 4258 x,
414 4202 440 4244 v.
454 4190 514 4244 346.
