3002 5084
653 463 699 538 77

136 603 200 677 das
220 604 331 702 poetis
350 605 590 703 assignaverit,
609 609 638 684 is
651 610 816 687 fatebitur
833 611 897 687 hos
915 612 958 688 ab
972 613 1115 702 Homeri
1130 637 1206 692 ves·

134 724 230 822 tigiis
250 725 433 804 deflectere
450 729 612 806 debuisse
639 744 674 808 et
703 756 828 810 novam
850 733 916 812 sibi
943 737 1082 812 munire
1102 738 1203 814 viam.

184 851 260 927 Hos
282 853 376 929 inter
391 865 510 954 poetas
528 857 678 934 maxime
703 860 852 936 eminuit
869 861 1028 954 Persius,
1052 862 1113 960 qui
1139 862 1205 938 ho·

134 972 251 1048 mines
266 975 524 1073 superstitiosos
539 979 750 1079 eosdemque
769 980 895 1082 impios
916 993 987 1056 tam
1007 981 1135 1057 acriter
1152 982 1205 1056 in-

133 1106 301 1172 sectatur.
322 1097 453 1174 Seneca
468 1100 543 1200 jam
562 1110 661 1177 antea
687 1101 730 1177 de
752 1103 881 1178 tatibus
906 1103 1060 1179 Deorum
1083 1103 1206 1180 irriso-

133 1218 235 1294 ribus
264 1219 414 1296 dixerat:
444 1220 680 1319 «turpissima
707 1231 784 1296 vota
811 1222 877 1296 diis
906 1221 1148 1316 insusurrant;
1175 1223 1204 1297 si

133 1341 212 1438 quis
232 1340 424 1418 admoverit
441 1367 581 1434 aurem,
600 1344 856 1437 conticescent3
873 1356 908 1420 et
922 1347 1016 1444 quod
1035 1345 1125 1422 scire
1139 1345 1204 1420 ho·

133 1465 247 1538 mines
266 1465 408 1556 nolunt,
426 1465 497 1542 Deo
517 1471 696 1542 narrant¹.
716 1493 733 1540 1
754 1468 891 1553 Quanto
913 1481 1030 1544 autern
1049 1469 1203 1568 impetu,

139 1600 265 1686 quanta
288 1591 319 1664 vi
337 1601 372 1667 et
396 1593 619 1669 contentione
635 1594 776 1670 eosdem
790 1594 951 1672 homines
970 1607 1071 1696 poeta
1091 1597 1204 1694 exagi-

137 1713 201 1786 tat!

204 1933 284 1992 Mens
297 1932 383 2004 bona,
398 1932 484 2005 fama,
499 1932 583 2006 tides,
600 1933 658 1992 haeo
671 1933 744 1992 clare
758 1939 786 1992 et
799 1940 832 1992 ut
843 1935 938 1993 audiat
952 1934 1069 2005 hospes:

202 2031 253 2088 Illa
269 2031 323 2088 sihi
336 2032 485 2090 introrsum
499 2037 528 2090 et
546 2033 706 2104 sublingua
722 2034 925 2092 immurmurat:
942 2034 987 2092 10
1001 2021 1033 2090 si'

131 2165 155 2202 5
204 2127 309 2185 Ehuliit
321 2128 411 2199 patrui
426 2129 588 2200 praeclarum
601 2127 735 2186 tonost...
750 2131 799 2186 Et:
814 2130 874 2188 Osi

203 2223 261 2281 Sub
275 2227 365 2282 rastro
380 2229 475 2294 crepet
487 2225 594 2297 argenti
607 2223 672 2281 mihi
692 2224 778 2297 seria,
793 2225 889 2282 dextro

203 2318 366 2376 Herculei...
382 2319 551 2390 Popiltumre
564 2320 684 2392 utinam,
696 2334 777 2391 quem
790 2322 931 2395 proximus
942 2320 1031 2378 haeros

203 2415 331 2489 Imperio,
346 2399 514 2489 expungam!
529 2417 652 2488 Namque
665 2421 710 2474 est
722 2417 868 2476 scabiosus
883 2422 911 2475 et
929 2418 985 2476 aori

204 2509 261 2568 Bito
277 2513 403 2568 tumet...
419 2510 501 2570 Nerio
512 2511 568 2581 tam
582 2510 663 2567 tertia
678 2507 808 2568 conditur
821 2507 949 2568 uxor²tr

179 2711 307 2789 Noster
324 2713 389 2788 iste
407 2713 537 2813 impius
555 2713 702 2790 deorum
722 2712 836 2789 cultor
854 2735 957 2788 mane
971 2711 1088 2788 Tiberi
1105 2713 1198 2789 lava·

132 2845 206 2926 tur,
231 2846 328 2922 ratus
360 2859 400 2910 ex
427 2857 516 2933 aqua
540 2857 703 2927 omnem,
728 2845 768 2909 ut
797 2833 970 2934 corporis,
998 2833 1049 2908 sio
1072 2833 1199 2922 animi,

131 2959 201 3035 elui
212 2960 339 3036 labem.
352 2959 518 3051 Nullum,
533 2984 578 3037 ne
591 2959 779 3035 minimum
794 2959 954 3055 quidem,
969 2981 988 3034 e
1003 2957 1110 3033 saeris
1126 2958 1198 3032 riti·

131 3079 198 3154 bus
226 3080 385 3178 negligit3
410 3104 487 3156 vera
515 3091 632 3154 autem
659 3090 693 3154 et
719 3101 846 3174 magna
871 3079 1057 3153 hominnm
1084 3079 1196 3153 officia

130 3203 230 3278 nullo
254 3202 457 3278 innumero
476 3203 596 3294 habet,
616 3202 745 3301 quippe
770 3200 829 3297 qui
853 3200 998 3275 salsedo
1022 3200 1093 3274 Deo
1117 3222 1198 3274 sen-

130 3325 213 3416 tiat,
235 3347 254 3398 a
281 3322 381 3421 oujus
409 3323 605 3420 cognitione
629 3320 767 3397 nullum
792 3341 862 3394 non
885 3328 1004 3393 manat
1027 3319 1194 3394 officium.

128 3445 251 3521 iovem
272 3455 410 3536 autem,
435 3443 529 3542 quod
548 3444 579 3517 ei
603 3442 712 3516 viride
731 3439 914 3539 exprobrat
936 3439 1098 3531 Persius,
1116 3465 1197 3541 vap-

130 3589 214 3665 pam
228 3566 328 3641 duoit
341 3578 375 3640 et
389 3563 620 3655 nebulonem;
638 3585 720 3636 nam
736 3560 830 3659 qood
848 3583 867 3635 a
884 3559 979 3635 Staio
997 3571 1090 3636 auta
1107 3584 1197 3659 quo·

128 3689 180 3763 vis
209 3688 410 3763 nummario
430 3685 549 3783 judice
575 3705 645 3757 non
674 3682 798 3758 audeat
824 3693 958 3782 petere,
984 3680 1019 3758 id
1044 3680 1091 3774 ab
1119 3680 1195 3779 ipso

128 3815 212 3891 Jove
230 3815 385 3914 flagitare
404 3835 475 3889 non
494 3812 648 3889 dubitat:

169 4105 177 4134 ¹
190 4106 254 4164 Sen.
268 4106 360 4179 Epist.
375 4108 418 4163 to.

167 4200 178 4239 ²
190 4203 265 4260 Pers.
278 4203 342 4257 Sat.
353 4201 389 4272 tt,
402 4213 426 4258 r.
441 4204 467 4256 8.
