3042 5086
661 519 707 591 29

197 663 276 738 Non
294 661 410 736 solum
428 662 559 738 Seneca
577 686 694 738 veram
711 675 746 740 ct
763 687 840 762 quae
854 665 1141 764 philosophantes
1157 667 1218 742 de-

147 795 226 860 ceat
243 783 478 881 eloquentiam
494 783 702 882 cogitatione
720 785 787 862 sibi
804 787 921 884 fingit,
939 786 1001 860 sed
1023 785 1216 884 plurimos,

148 927 279 1004 eosque
310 905 454 998 stoicos,
489 905 609 981 laudat
643 905 889 1004 philosophos,
923 905 984 1004 qui
1019 906 1218 983 incredibili

148 1031 305 1130 quodam
324 1028 462 1105 dicendi
481 1033 615 1131 impetu
634 1031 814 1108 audientes
832 1032 916 1109 boni
934 1055 1053 1108 amore
1076 1032 1217 1106 inflam-

149 1153 306 1229 mabant.
339 1152 444 1248 «Ego
463 1164 573 1243 certe,
597 1151 727 1250 inquit,
752 1175 835 1228 cum
861 1152 1017 1227 Attalum
1040 1153 1216 1241 audirem,

148 1275 301 1364 invitia,
330 1275 366 1348 in
395 1297 546 1366 erroreS,
572 1275 609 1349 in
636 1275 728 1350 mala
754 1275 831 1350 vitae
857 1285 1100 1373 perorantem,
1126 1298 1218 1374 saepe

149 1399 317 1474 misertus
332 1419 409 1472 sum
423 1398 560 1494 generis
573 1397 736 1488 humani,
751 1410 785 1471 et
798 1397 899 1472 illum
914 1398 1102 1474 sublimem
1117 1398 1219 1474 altio-

149 1543 297 1616 remque
309 1520 466 1593 humano
484 1519 620 1616 fastigio
639 1518 810 1594 credidi.»
825 1561 874 1574 --
888 1519 971 1594 Haec
989 1543 1060 1595 uon
1074 1531 1158 1596 sunt
1174 1521 1218 1597 de

153 1645 226 1718 viro
243 1642 364 1740 frigide
379 1653 413 1717 et
426 1643 546 1741 jejune
562 1643 716 1735 dicente,
733 1655 768 1718 et
786 1644 874 1734 sub,
893 1656 932 1718 ut
944 1645 1061 1737 aiunt,
1079 1669 1116 1720 se
1131 1669 1220 1744 pun-

152 1773 254 1860 gente
271 1763 511 1852 acuminibus,
529 1763 590 1837 sed
609 1764 651 1838 de
665 1764 754 1854 viro,
775 1763 833 1839 oui
850 1786 921 1840 non
940 1765 1038 1841 video
1055 1764 1140 1862 quid
1159 1766 1219 1841 de·

150 1887 273 1980 suerit,
290 1898 330 1961 ut
346 1885 474 1960 nostris
497 1887 693 1962 oratoribus
713 1888 822 1962 sacris
841 1897 931 1964 esset
948 1888 1181 1963 conserendus
1193 1893 1217 1962 ¹.

199 2007 251 2082 Ne
265 2008 343 2104 quis
360 2007 447 2082 sorte
467 2005 654 2082 crediderit
671 2007 800 2082 stoicos
818 2008 1070 2105 eloquentiam,
1092 2019 1129 2083 ut
1141 2031 1219 2106 quae

33 2187 37 2194 .
149 2154 214 2232 pro
241 2131 410 2230 sapientia
436 2143 651 2230 propugnet,
678 2132 896 2222 toleravisse,
923 2134 1055 2231 poesim
1084 2144 1216 2223 autem,

148 2270 332 2332 utranam
351 2281 425 2332 rem
454 2269 488 2334 et
514 2257 756 2355 nugatoriam,
782 2257 939 2330 funditus
966 2257 1218 2356 repudiavisse,

150 2380 317 2455 eumdem
335 2380 436 2455 illurn
449 2381 619 2455 Senecam
638 2378 755 2453 audiat
773 2377 1038 2476 praedicantem,
1061 2379 1219 2453 carmina

151 2504 188 2578 in
207 2528 244 2580 se
261 2503 390 2580 habere
404 2504 473 2578 vim
489 2505 679 2601 quamdam
697 2502 959 2578 ineluctabilem
975 2525 1042 2600 qua
1056 2502 1218 2578 homines
1297 2481 1307 2496 ⁸

152 2625 312 2723 plerique
327 2625 369 2698 ad
389 2625 604 2699 credendum
626 2624 871 2721 impellantur,
890 2625 937 2697 ita
960 2633 999 2697 ut
1016 2646 1218 2713 assensum,

153 2769 260 2844 quem
278 2747 361 2821 solis
380 2745 525 2820 subnixa
549 2745 743 2820 rationibus
763 2769 833 2821 non
852 2745 1061 2821 obtinuisset
1078 2757 1219 2822 senten-

153 2869 219 2958 tia,
247 2891 330 2944 eum
360 2868 517 2944 numeris
544 2866 709 2943 adstricta
736 2879 770 2942 et
799 2868 929 2943 vibrata
958 2868 1219 2966 quodammodo

152 3001 373 3090 extorqueat:

262 3189 313 3244 uls
326 3186 438 3243 minimo
452 3189 514 3258 eget
526 3185 664 3256 mortalis,
679 3186 727 3258 qui
741 3185 880 3242 minimum
894 3186 989 3257 cupit:

261 3285 340 3355 Quod
353 3284 412 3342 vult
425 3283 520 3353 habet,
534 3283 580 3354 qui
595 3281 665 3339 velle
678 3281 751 3354 quod
765 3281 833 3338 satis
847 3286 890 3338 est
906 3285 1005 3353 potest.

207 3455 326 3531 «Cum
351 3456 444 3541 haec,
468 3454 601 3552 inquit,
628 3466 733 3550 atque
763 3453 937 3551 ejusmodi
968 3452 1150 3544 andimuS,
1179 3456 1224 3530 ad

156 3581 410 3658 contessionem
441 3579 593 3654 veritatis
624 3579 845 3654 adducimur.
881 3578 935 3652 Illi
966 3578 1060 3655 enim
1093 3579 1224 3677 quibus

156 3704 244 3781 nihil
260 3705 342 3780 satis
355 3715 423 3790 est,
443 3704 680 3796 admirantur,
698 3705 909 3798 acclamant,
925 3705 1047 3781 odium
1060 3708 1221 3806 pecuniae

157 3829 319 3905 indicunt
330 3830 354 3902 2.

193 4069 279 4130 ¹Vide
289 4069 432 4142 exquisite
440 4070 572 4128 doctrinae
583 4070 746 4142 opusculum
755 4071 828 4142 quod
836 4071 1005 4144 inscribitur,
1017 4076 1060 4128 De
1070 4069 1101 4130 ln
1110 4041 1223 4130 morale

155 4172 294 4242 mutique
306 4167 384 4225 dans
396 4166 437 4224 les
447 4167 544 4226 lettres
556 4168 591 4226 de
602 4167 738 4240 seneque,
751 4182 803 4239 par
814 4170 843 4227 G.
856 4168 971 4230 Martha.
985 4168 1090 4227 Strasb.
1105 4172 1185 4228 lubi,

193 4260 205 4300 ²
219 4264 283 4319 Seu.
297 4265 389 4334 Epist.
405 4265 466 4319 l08.
