3002 5084
802 515 875 592 llo

303 663 372 738 mie
389 663 563 762 loquitur,
581 674 615 740 et
636 665 722 764 quid
741 665 809 740 hoc
828 663 953 762 dogma
971 662 1014 737 ad
1034 661 1231 759 augendam
1254 661 1379 735 bomi-

304 809 390 860 num
418 787 658 863 tortitudinem
685 788 815 862 habeat
844 785 1012 862 idoneum
1042 784 1177 882 egregie
1207 785 1377 859 ostendit.

304 909 421 1008 Ignavi
439 912 574 987 scilicet
593 913 701 989 animi
717 923 808 988 esset
825 913 894 988 cito
912 911 1078 988 rediture
1090 933 1237 1009 parcere
1253 910 1333 984 ritu
1351 911 1379 982 ¹.

352 1029 516 1116 Quamvis
535 1055 574 1106 ex
593 1033 862 1108 inconsideratis
879 1033 973 1129 vulgi
995 1032 1038 1106 de
1055 1031 1127 1105 Deo
1145 1029 1379 1130 opinionibus

305 1150 450 1225 omnino
473 1150 630 1227 solutum
654 1152 797 1228 Lucano
821 1151 865 1226 sit
889 1151 1092 1248 ingenium,
1117 1173 1200 1224 eum
1223 1150 1382 1226 libenter

305 1271 453 1348 dixerim
474 1273 589 1348 virum
614 1274 917 1371 religiosissimum
939 1297 1033 1365 esse,
1051 1273 1080 1348 si
1105 1276 1210 1352 modo
1228 1273 1295 1349 hoc
1310 1295 1380 1348 no-

305 1391 402 1466 mine
418 1393 533 1467 virum
563 1393 718 1469 humana
748 1404 781 1468 et
805 1393 965 1469 mortalia
992 1393 1244 1492 despicientem
1271 1401 1381 1489 atque

306 1524 436 1590 aeterna
454 1539 496 1590 ac
514 1516 629 1592 divina
647 1517 896 1614 suspicientem
914 1516 1134 1592 intellexeris.
1151 1515 1217 1589 Hic
1233 1537 1379 1606 sensus,

311 1635 392 1732 qui,
410 1635 519 1709 saeris
533 1658 553 1709 e
567 1635 690 1710 litteris
706 1646 816 1726 ortus,
830 1635 978 1710 Pascalii
991 1647 1025 1710 et
1040 1633 1213 1710 Bossuetii
1225 1634 1261 1708 in
1277 1634 1379 1708 libris

308 1756 408 1856 quasi
427 1758 507 1832 vivit
525 1767 560 1831 et
576 1759 704 1856 spirat,
731 1758 903 1833 eLucani
926 1780 1066 1855 quoque
1092 1757 1270 1847 versibuS,
1288 1780 1379 1856 quos

309 1884 376 1958 sibi
392 1884 615 1983 potissimum
633 1885 784 1959 vindicat
800 1884 983 1975 Porticus,
1002 1883 1190 1982 aliquando
1209 1883 1375 1979 erumpit.

308 2006 400 2102 Lege
417 2007 521 2082 verba
540 2030 618 2105 quae
636 2030 726 2104 segne
742 2007 917 2082 Thessalae
934 2006 1058 2081 tribuit
1073 2017 1106 2081 et
1123 2007 1253 2104 quibus
1272 2008 1375 2104 phar·

309 2128 415 2205 salica
434 2130 594 2206 innuitur
609 2155 740 2229 pugna,
761 2154 801 2206 ac
815 2130 993 2205 Caesarum
1008 2129 1154 2205 numina
1172 2129 1376 2205 irridentur.

309 2249 376 2324 Hic
394 2251 556 2347 quantuli
574 2261 674 2349 poeta
694 2263 812 2325 noster
827 2251 980 2325 bumana
997 2250 1117 2356 lecerit
1134 2249 1268 2345 fastigia
1283 2249 1378 2323 vide-

311 2371 375 2447 bis.
395 2373 473 2448 Non
486 2375 561 2447 vult
576 2374 736 2448 homines
752 2374 794 2448 de
809 2373 917 2470 gloria
933 2395 1046 2471 parvae
1063 2372 1139 2445 vitae
1156 2392 1231 2446 esse
1246 2371 1378 2446 sollici-

309 2507 382 2584 tos;
413 2518 495 2569 nam
527 2496 612 2570 bora
640 2494 755 2579 veniet
780 2519 858 2593 quae
880 2495 987 2569 duces
1016 2516 1138 2569 omnes
1161 2493 1318 2568 misceat.
1347 2493 1376 2566 Α

308 2615 444 2691 Caesare
462 2618 701 2716 Pompeioque
726 2643 840 2710 nunc,
858 2630 955 2696 tanto
972 2620 1141 2715 sanguine
1159 2618 1287 2707 effuso,

415 2827 500 2893 Quam
515 2825 650 2882 tumulum
663 2825 732 2897 Nili,
747 2839 827 2896 qnam
839 2826 962 2883 ‘libridis
977 2825 1071 2882 adluat
1082 2824 1171 2895 unda,

416 2920 567 2993 Quaeritur,
580 2925 609 2977 et
620 2921 738 2978 ducibus
751 2925 857 2979 tanturn
870 2922 903 2978 dc
917 2921 1013 2979 lunare
1026 2934 1117 2992 pugna
1132 2923 1176 2977 est
1187 2915 1205 2975 ¹.

356 3098 540 3172 Lucanum
571 3118 711 3194 quoque
742 3095 916 3171 contendo
944 3118 1020 3170 esse
1049 3093 1375 3191 religiosissimum,

308 3219 389 3316 quia
417 3219 460 3293 de
488 3219 656 3314 religione
688 3240 812 3314 magna
843 3218 963 3306 sentit,
990 3239 1056 3291 nec
1085 3215 1155 3290 Deo
1181 3216 1374 3312 quidquam

308 3339 462 3435 assignat
485 3340 579 3437 quod
606 3340 650 3414 sit
673 3349 768 3414 tanto
795 3340 941 3414 numine
958 3339 1156 3435 indignum.
1180 3339 1270 3413 Rem
1293 3362 1373 3412 cum

308 3461 451 3559 cupiam
470 3461 684 3550 dilucidare,
713 3461 832 3551 verba,
850 3461 978 3558 quibus
1004 3459 1088 3535 Cato
1117 3460 1272 3539 Labieno
1292 3484 1373 3534 sua-

309 3583 403 3657 denti
420 3594 461 3656 ut
477 3583 520 3656 de
538 3583 620 3659 belli
638 3593 763 3659 eventu
777 3583 960 3658 Ammonis
978 3582 1162 3657 oraculum
1177 3582 1374 3658 sciscitetur

307 3704 511 3802 respondet,
531 3704 583 3777 vix
602 3706 713 3780 audeo
729 3715 789 3779 aut
806 3705 978 3804 prolerre,
991 3703 1085 3800 quod
1099 3705 1277 3779 notissime
1290 3761 1299 3792 ,
1313 3715 1372 3777 aut

307 3829 590 3928 praetermittere,
608 3829 702 3926 quod
720 3828 957 3928 pulcherrima
977 3840 1079 3901 sunt:

343 4138 352 4176 ¹
367 4138 481 4206 Puera,
495 4136 513 4193 l.
527 4139 553 4209 1,
566 4151 591 4192 v.
606 4140 667 4194 454.

343 4229 354 4267 ²
368 4229 481 4302 Phara,
494 4230 513 4286 l.
528 4231 578 4303 vl,
592 4244 617 4286 v.
633 4232 695 4286 ato.
