3002 5084
807 467 880 542 tot

318 615 398 689 talia
416 613 534 689 stoicis
552 638 571 690 e
592 611 747 688 lontibus
771 613 940 689 hausisse.
961 612 1064 699 Quod
1093 611 1156 686 tibi
1175 609 1281 684 multo
1303 631 1362 682 ma-

318 733 475 808 nifestius
493 735 570 826 fiet,
593 734 642 824 si,
662 743 850 830 antequam
871 733 1048 809 luvenalis
1075 753 1198 808 versus
1218 729 1365 818 referam,

318 853 393 928 haeo
411 853 555 928 tulliana
573 853 766 952 eademque
781 853 888 930 stoica
907 853 1010 929 verba
1028 863 1113 928 ante
1135 849 1255 927 oeulos
1277 869 1365 946 erpo·

317 999 447 1053 suero:
479 975 614 1075 «Magis
640 989 692 1053 est
709 977 908 1054 seeundum
926 989 1112 1068 naturam,
1132 997 1199 1076 pro
1224 971 1367 1050 omnibus

316 1100 501 1200 gentibus,
527 1100 557 1174 si
587 1101 663 1175 fieri
694 1102 825 1201 possit,
855 1100 1103 1177 conservandis
1137 1107 1200 1174 aut
1225 1093 1368 1196 juvandis

316 1222 486 1296 maximos
512 1218 649 1295 labores
679 1221 927 1319 molestiasque
955 1223 1159 1322 suscipere,
1190 1218 1368 1294 imitantem

316 1349 505 1426 Herculem
520 1348 638 1441 illum,
660 1369 765 1447 quem
784 1347 969 1423 hominum
992 1349 1100 1438 sama,
1129 1343 1370 1422 beneficiorum

316 1497 468 1566 memor,
485 1476 522 1550 in
542 1473 692 1550 coneilio
711 1474 906 1551 coelestium
925 1474 1124 1566 collocavit,
1143 1493 1253 1572 quam
1275 1467 1370 1541 vivere

316 1599 352 1672 in
367 1597 572 1688 solitudine,
589 1620 659 1672 non
675 1598 780 1672 modo
803 1599 879 1673 sine
893 1597 975 1673 ullis
993 1597 1184 1688 molestiis,
1206 1591 1370 1670 sedetiam

316 1717 352 1790 in
370 1715 530 1792 maximis
546 1717 782 1815 voluptatibus
794 1719 849 1792 ¹.»
874 1718 966 1815 Lege
984 1741 1080 1794 nune
1098 1717 1215 1795 nostri
1233 1709 1371 1792 auctoris

315 1863 456 1917 versus:

456 2041 565 2098 Fortem
578 2050 662 2110 posce
675 2037 811 2111 animum,
825 2037 921 2095 mortis
935 2039 1039 2094 terrore
1052 2043 1210 2110 carentem,

456 2134 509 2204 Qut
523 2134 641 2205 spatium
654 2134 715 2191 vttae
729 2138 878 2192 extremum
892 2133 965 2190 luter
978 2147 1092 2192 munera
1102 2140 1192 2206 ponat

455 2230 583 2302 Nature,
599 2230 645 2301 qul
660 2229 730 2287 terre
745 2235 827 2302 queat
839 2243 1023 2302 quoscunque
1036 2230 1164 2303 labores,

457 2327 570 2386 Nesciat
584 2327 682 2398 tresel,
697 2327 791 2398 euolat
801 2325 883 2399 nihil,
897 2330 925 2386 et
939 2328 1062 2398 potiores

457 2420 586 2478 Herculis
599 2433 735 2478 erumnas
747 2419 842 2478 credat
854 2433 998 2492 saevosque
1009 2421 1135 2494 labores,

458 2517 492 2574 Et
503 2531 618 2588 venere,
632 2521 660 2575 et
672 2517 776 2590 eoenls,
791 2522 820 2575 et
831 2517 923 2589 pluma
941 2518 1127 2592 Sardanapali.

456 2611 581 2670 Monstro
595 2610 667 2682 quod
679 2612 739 2683 lpse
752 2611 801 2669 tibi
815 2612 907 2683 possis
919 2610 985 2670 dare
994 2611 1016 2669 ².

365 2775 440 2852 Hoc
466 2784 659 2851 extremum
681 2778 861 2875 scriptoris
882 2799 957 2853 esse
979 2779 1125 2855 omnino
1151 2769 1374 2856 stoicissantis

317 2909 385 2973 eta
408 2898 594 2997 semetipso
613 2899 729 2997 potius
748 2923 853 2997 quam
880 2900 923 2976 ab
942 2901 1009 2975 alio
1035 2901 1190 3000 quolibet
1206 2925 1273 2978 sua
1291 2899 1373 2973 bona

317 3020 508 3117 poscentis,
530 3041 641 3117 quum
664 3042 704 3094 ex
731 3019 869 3111 multis,
892 3033 967 3096 tum
987 3044 1026 3098 ex
1051 3023 1093 3097 iis
1116 3024 1260 3100 Senecae
1282 3015 1374 3096 dictis

319 3151 435 3240 patet:
461 3141 586 3217 «Facis
610 3165 684 3217 rem
703 3145 873 3241 optimam
894 3155 928 3219 et
949 3146 1013 3220 tibi
1036 3146 1244 3238 salutarem,
1271 3145 1316 3234 si,
1339 3147 1376 3213 ut

318 3266 458 3358 scribis,
482 3291 680 3366 perseveras
697 3268 748 3342 ire
763 3269 807 3343 ad
825 3268 955 3343 bonam
970 3280 1148 3345 mentem:
1168 3253 1277 3369 uuam
1294 3263 1374 3343 stul·

317 3401 393 3465 tum
408 3401 460 3466 est
477 3403 614 3490 optare,
630 3417 712 3469 cum
731 3395 842 3494 possis
860 3419 879 3470 a
898 3406 931 3470 te
945 3395 1132 3495 impetrare
1144 3399 1199 3471 3,».

365 3513 405 3587 In
431 3513 567 3588 decima
589 3518 689 3591 tertia
714 3519 818 3593 satira
842 3519 1018 3595 luvenalis
1036 3543 1074 3596 ea
1095 3521 1138 3596 de
1159 3516 1374 3597 eonscientiae

316 3633 468 3709 stimulis
486 3633 658 3729 loquitur,
675 3659 771 3735 quae,
789 3638 818 3712 si
835 3662 905 3712 non
925 3639 1039 3714 solum
1054 3640 1219 3733 stoicum,
1239 3644 1374 3717 atcerte

316 3754 587 3855 philosophum,
624 3781 777 3856 eumque
810 3762 1078 3859 gravissimum,
1108 3766 1287 3863 aptissime
1319 3761 1375 3837 de·

349 4007 358 4046 ¹
373 4008 429 4066 erc.
445 4011 489 4064 ne
503 4007 573 4081 off,
589 4009 607 4066 1.
624 4010 673 4081 m,
686 4025 711 4067 c.
726 4015 752 4067 a.

350 4105 433 4164 ²Jnv.
449 4109 523 4177 Set,
539 4107 575 4179 x,
588 4124 614 4166 v.
629 4110 689 4166 357.

347 4198 434 4258 ³Sen.
451 4203 543 4273 Epist.
558 4205 601 4258 tt.
