3042 5086
807 495 854 569 30

350 645 426 720 Hoc
442 656 558 721 autem
577 667 668 719 ame
685 646 879 742 plurimum
893 643 990 734 lacit,
1002 644 1096 740 quod
1108 643 1259 733 Seneca,
1275 642 1371 716 hanc

300 768 495 864 profitendo
514 767 741 858 sententiam,
759 767 936 842 Cleanthis
954 765 1064 863 ipsius
1087 766 1291 840 auctoritate
1310 766 1386 839 ni-.

302 891 401 981 titur,
421 891 498 988 qui,
525 913 595 966 uon
623 892 739 965 solum
766 891 933 966 eximium
959 889 1047 965 illud
1070 890 1268 987 composuit
1291 912 1369 964 car-

300 1037 401 1104 men,
429 1013 594 1089 omnibus
625 1025 766 1103 notum,
800 1014 860 1089 sed
890 1013 939 1111 (id
970 1013 1063 1111 quod
1096 1013 1216 1112 pauci,
1244 1012 1366 1101 credo,

301 1134 635 1229 animadverterunt)
655 1133 852 1208 carminum
874 1131 1111 1212 excellentiam
1131 1131 1299 1229 expressit
1313 1131 1369 1204 in-

300 1256 441 1351 geniosa
460 1255 518 1330 illa
545 1255 793 1344 similitudine,
818 1277 925 1351 quam
948 1253 1134 1327 Montanus
1158 1252 1285 1350 aliique
1310 1277 1366 1328 re-

302 1375 473 1449 centiores
489 1377 647 1451 certatim
662 1375 872 1450 retulerunt:
891 1372 1026 1462 «Nam,
1037 1383 1078 1448 ut
1087 1373 1225 1447 dicebat
1239 1373 1367 1448 Clean-

302 1501 399 1589 thes,
418 1501 717 1597 quemadmodum
742 1500 885 1599 spiritus
903 1508 1022 1574 noster
1038 1500 1222 1574 clariorem
1241 1521 1369 1575 sonum

302 1619 433 1708 reddit,
462 1643 544 1695 cum
577 1619 678 1694 illum
709 1618 791 1693 tuba
819 1618 1001 1717 perlongi
1030 1620 1160 1694 canalis
1190 1619 1369 1715 angustias

303 1744 472 1831 tractum,
491 1740 685 1839 patentiore
703 1741 890 1815 novissime
908 1741 1000 1814 exitu
1019 1740 1155 1814 effudit:
1176 1741 1227 1816 sic
1244 1763 1369 1816 sensus

301 1868 439 1933 nostros
458 1859 622 1933 clariores
641 1859 808 1934 carminis
834 1870 928 1934 arcta
956 1861 1144 1935 necessitas
1168 1859 1283 1936 elficit.
1302 1860 1370 1934 Ea-

294 1981 382 2062 dem
420 1981 652 2079 negligentius
684 1982 892 2071 audiuntur,
924 1983 1113 2081 minusque
1146 1983 1368 2081 percutiunt,

301 2100 472 2198 quamdiu
490 2101 601 2175 soluta
630 2102 785 2176 oratione
804 2101 989 2176 dicuntur:
1011 2103 1072 2178 ubi
1101 2125 1279 2179 accessere
1297 2129 1368 2178 nur

301 2222 408 2312 ueri,
437 2233 472 2297 et
503 2222 681 2320 egregium
713 2246 856 2298 sensum
888 2225 1100 2300 adstrinxere
1127 2227 1213 2300 certi
1240 2228 1366 2325 pedeS,

300 2346 424 2419 eadem
443 2346 500 2419 illa
520 2346 689 2421 sententia
709 2348 801 2420 velut
818 2350 947 2420 lacerto
959 2370 1102 2422 excussa
1116 2353 1364 2447 torquatum.»

348 2467 426 2541 Non
450 2489 591 2541 omnem
618 2468 725 2564 igitur
752 2467 886 2565 poesim
912 2469 1141 2568 culpaverunt
1165 2470 1281 2560 stoici,
1306 2473 1366 2546 sed

251 2615 253 2620 ’
300 2613 377 2664 earn
396 2591 641 2665 tantummodo
659 2614 754 2686 quae,
773 2590 877 2667 rebus
895 2591 1081 2688 neglectis,
1100 2593 1201 2668 verba
1222 2615 1364 2669 consec-

299 2721 411 2801 tatur,
425 2721 460 2784 et
473 2734 569 2808 quae,
583 2709 671 2784 varis
686 2722 796 2808 poetae
810 2711 987 2801 sensibuS,
1002 2721 1036 2786 et
1050 2713 1274 2810 opinionibus
1287 2714 1365 2811 qui·

300 2830 365 2904 bus
395 2852 494 2903 mens
522 2829 710 2920 imbuitur,
739 2829 1002 2922 praetermissis,
1032 2832 1119 2905 nihil
1145 2834 1251 2908 habet
1271 2833 1363 2932 quod

299 2951 429 3025 nonsit
445 2952 583 3041 fictum,
597 2973 636 3025 ac
650 2951 784 3025 fabulas
799 2953 917 3050 pueris
930 2952 1014 3051 ipsis
1031 2954 1209 3045 ridendas,
1225 2957 1365 3031 millies·

299 3096 367 3172 que
391 3074 609 3164 decantatas,
635 3073 827 3149 ambitiosis
846 3075 1072 3150 commendat
1088 3077 1253 3152 versibus.
1283 3078 1364 3164 Quis

300 3199 411 3288 enim,
427 3199 456 3272 si
470 3199 622 3273 recentia
638 3198 810 3274 veteribus
825 3221 1034 3296 componere
1047 3200 1145 3291 licet,
1157 3203 1246 3275 serre
1257 3202 1366 3301 possit

299 3317 391 3393 inter
419 3332 545 3393 nostrae
571 3320 680 3392 aetatis
708 3320 868 3394 homines
896 3320 1058 3396 exsistere
1084 3321 1256 3418 aliquem,
1286 3323 1364 3419 qui,

299 3439 482 3528 libertatis,
496 3440 657 3536 justitiae,
673 3441 827 3513 scientiae
839 3442 1052 3536 augmentis,
1068 3442 1196 3538 quibus
1212 3445 1364 3540 optimus

301 3561 449 3658 quisque
475 3570 652 3649 movetur,
678 3562 822 3635 omnino
849 3561 1010 3666 omissis,
1031 3564 1129 3637 tritas
1152 3565 1364 3662 jamdudum

300 3688 460 3760 enuntiet
477 3685 687 3773 sententias,
710 3697 744 3759 et
761 3708 819 3759 eos
838 3708 1044 3760 communes
1067 3687 1161 3761 locos
1180 3688 1365 3762 scribendo

300 3817 425 3882 tractet
442 3829 593 3904 quorum
613 3829 697 3880 cura
717 3828 781 3880 nec
799 3806 945 3879 lectores
963 3829 1028 3880 nec
1045 3807 1161 3903 ipsum
1186 3818 1363 3882 auctorem

300 3929 373 4006 ullo
389 3930 494 4005 modo
509 3928 648 4025 tangat?
666 3927 751 4014 Quis
763 3927 878 4024 potius
891 3926 1050 4024 ineptum
1066 3938 1099 4002 et
1113 3940 1364 4028 praeposterum

336 4210 344 4249 ¹
360 4212 424 4267 Seu.
438 4207 529 4281 Epist,
545 4209 605 4265 l08.
