3042 5086
801 506 849 581 68

291 681 378 736 num
397 668 457 735 aut
469 657 617 734 deorum
634 657 873 734 voluntatibus
885 657 1171 756 proficiscuntur,
1190 682 1229 733 ea
1247 662 1359 738 multo

289 782 401 882 magis
414 805 520 881 quam
536 805 614 881 quae
631 781 796 858 oriuntur
813 803 832 856 a
856 791 981 857 natura
1006 805 1126 858 rerum
1149 784 1266 860 solent
1283 787 1361 861 ani-

287 925 366 979 mos
389 903 621 978 inflammare.
648 903 838 994 Praeterea,
855 901 957 1001 pauci
981 902 1071 977 inter
1089 914 1209 1002 poetas
1231 906 1360 982 stoicos

288 1025 425 1101 adrem
454 1024 674 1100 tractandam
699 1022 954 1112 incubuerunt,
972 1033 1007 1098 et
1030 1023 1184 1099 materiae
1210 1024 1357 1123 paulum

287 1172 343 1225 ars
362 1149 480 1226 defuit.
501 1150 650 1225 Factum
669 1157 721 1224 est
739 1147 858 1223 nescio
884 1148 1059 1246 quomodo
1082 1160 1122 1224 ut
1146 1150 1206 1246 qui
1225 1152 1359 1226 confla·

286 1269 483 1368 grationem
500 1269 593 1345 hanc
618 1269 732 1344 verbis
757 1268 1021 1367 exprimendam
1046 1282 1294 1370 susceperunt,
1313 1273 1356 1348 de

286 1389 492 1465 hominibus
509 1409 598 1489 pene
615 1389 761 1465 omnino
777 1387 956 1479 siluerint,
974 1410 1043 1462 non
1057 1411 1158 1465 secus
1177 1413 1217 1466 ac
1232 1392 1260 1466 si
1277 1393 1355 1489 quis

285 1533 326 1586 ex
342 1509 530 1586 Homerica
554 1510 613 1586 illa
632 1519 838 1612 tempestate
856 1509 1016 1608 Ulyssem
1042 1510 1209 1587 fluctibus
1226 1513 1353 1590 obluc-

284 1642 417 1706 tantem
436 1631 746 1722 abstraheremus
764 1654 783 1706 e
802 1629 936 1719 tabula,
951 1631 989 1705 in
1007 1654 1074 1728 qua
1091 1632 1265 1707 artificum
1281 1633 1355 1732 gal·

283 1749 434 1826 licorum
467 1749 717 1826 celeberrimus
751 1750 870 1825 diluvii
903 1751 1035 1825 effinxit
1065 1751 1356 1844 similitudinem,

286 1868 459 1967 quidquid
473 1869 555 1945 vivit
571 1880 607 1945 et
623 1869 733 1970 spirat
756 1870 925 1961 auferret,
943 1892 1008 1945 nec
1031 1870 1225 1968 quidquam
1244 1872 1356 1947 relin-

284 2003 408 2092 queret
430 1993 498 2068 nisi
515 2015 612 2069 mare
629 2004 664 2068 et
687 1993 827 2070 coelum.
854 1991 894 2067 ld
913 2013 983 2068 non
1004 1992 1115 2067 miror
1138 1993 1167 2067 si
1187 1992 1354 2069 acciderit

282 2118 443 2211 Lucano,
457 2119 519 2218 qui
536 2141 612 2194 rem
631 2118 780 2194 breviter
799 2127 833 2193 et
851 2118 983 2194 cursim
1001 2117 1131 2214 attigit,
1149 2127 1189 2192 ut
1203 2117 1263 2216 qui
1284 2119 1353 2193 alio

282 2253 503 2340 properarem
518 2242 580 2316 sed
596 2241 633 2316 in
649 2241 742 2319 idem
760 2241 886 2317 incidit
897 2241 1020 2317 vitium
1037 2241 1112 2339 ipse
1125 2241 1278 2333 Seneca,
1291 2242 1353 2340 qui

283 2362 326 2438 de
340 2363 407 2440 hac
424 2385 463 2439 re
480 2362 642 2464 pluribus
660 2363 834 2440 disseruit.
851 2362 909 2438 Sic
923 2363 1108 2439 Lucanus:

391 2618 629 2637 ......
649 2581 739 2650 Quum
755 2591 889 2652 compage
903 2579 996 2636 soluta

389 2673 496 2732 secula
508 2678 550 2731 tot
559 2675 655 2732 muudi
668 2688 795 2746 suprema
809 2675 933 2748 coegerit
944 2675 1026 2746 hora,

389 2766 538 2838 tauquam
550 2773 680 2838 repetens
692 2767 791 2824 iterum
805 2768 904 2840 chaus,
918 2767 1010 2824 omnia
1021 2765 1114 2824 mixtis

390 2859 487 2918 Sidera
500 2859 638 2918 sideribus
651 2864 819 2918 concurrent
825 2899 1060 2932 ......

340 3030 349 3040 ι
391 2996 765 3018 .........
805 2959 917 3028 tumque
931 2955 1041 3012 discors

388 3051 516 3113 Machina
528 3051 628 3111 divulsi
642 3051 766 3111 turbabit
779 3051 885 3109 toedera
899 3051 993 3108 muudi
1007 3050 1024 3108 ¹.

330 3249 398 3326 Hic
422 3250 538 3349 aliqua
569 3275 653 3327 sane
678 3261 823 3351 apparet
851 3247 1047 3348 amplitudo
1075 3257 1110 3322 et
1132 3244 1350 3335 sublimitas,

283 3395 390 3471 quam
417 3385 535 3450 tamen
556 3376 631 3473 jam
656 3398 748 3473 saepe
773 3373 936 3448 laudatus
958 3371 1104 3470 gallicus
1135 3381 1245 3461 vates,
1273 3392 1351 3444 eas-

282 3494 363 3569 dem
382 3498 453 3571 sere
469 3499 659 3574 sententias
676 3509 711 3573 et
724 3498 894 3595 imagines
913 3497 1081 3585 reserem,
1097 3504 1159 3570 aut
1175 3493 1351 3592 superavit

282 3626 343 3691 aut
360 3627 453 3692 certe
471 3619 656 3716 aequavit2.

329 3741 524 3818 Audiamus
540 3766 636 3819 nunc
649 3744 820 3820 Senecam
839 3741 982 3819 diversis
1000 3741 1174 3832 numeris,
1187 3741 1352 3817 diversis-

281 3889 351 3966 que
364 3865 494 3959 sarbia,
512 3865 635 3944 eadem
650 3890 759 3968 prope
774 3868 968 3943 dicentem:

316 4148 403 4206 ¹buc.
416 4147 530 4219 Phara,
543 4147 562 4205 l.
576 4149 603 4220 1,
616 4161 641 4205 v.
654 4150 698 4206 72.

315 4237 503 4297 'Lamartine
520 4239 628 4310 medat,
643 4242 675 4298 V.
