3042 5086
802 547 849 619 54

398 695 559 763 Paupertas,
573 696 700 761 artesque
714 692 799 761 datae,
816 704 960 761 moresque
974 691 1094 762 creatis,

398 787 519 858 novitia,
532 791 560 843 et
572 787 677 855 clades,
692 788 802 858 damna,
818 792 846 842 et
859 786 1020 856 compendia
1034 800 1132 844 rerum.

398 885 484 942 Nemo
499 897 593 940 carere
606 885 670 940 dato
683 884 797 955 poterit,
812 897 862 940 nec
876 881 975 939 babere
989 887 1133 952 negatum,

398 983 577 1038 Fortunamve
590 981 648 1037 suis
662 982 771 1036 invitam
786 980 920 1050 prendere
934 980 1024 1048 votis,

399 1078 452 1132 dut
463 1075 557 1146 lugere
571 1076 717 1132 instantem
732 1091 738 1131 :
756 1088 818 1131 sors
831 1079 874 1132 est
886 1088 936 1132 sua
949 1073 1048 1145 cuique
1062 1073 1174 1133 serenda
1187 1074 1203 1131 ¹.

340 1265 487 1354 Seneca,
506 1266 540 1338 in
560 1288 617 1355 ea,
644 1287 720 1362 quae
747 1265 896 1363 OEdipus
923 1265 1144 1354 inscribitur,
1167 1265 1355 1360 tragoedia,

292 1383 414 1458 eodem
441 1385 511 1458 iere
541 1385 644 1458 modo
672 1385 714 1458 de
739 1385 816 1458 iotis
841 1385 988 1468 locutus
1006 1397 1067 1458 est.
1094 1384 1235 1459 inducit
1260 1385 1356 1459 eninr

293 1506 442 1580 chorum
460 1506 657 1581 dicentem:

504 1725 578 1781 Fatis
591 1723 711 1796 agimur:
726 1723 815 1780 cedite
829 1724 902 1781 latis.

505 1823 564 1881 Non
578 1822 704 1880 sollicitae
716 1828 835 1892 possunt
848 1836 921 1879 curae

506 1919 611 1976 Mutare
624 1919 676 1975 rati
691 1917 807 1975 stamina
823 1918 887 1976 lusi.

506 2107 603 2165 Omnia
617 2113 693 2166 certo
707 2107 813 2165 tramite
828 2109 946 2176 vaduut;

507 2205 667 2277 Primusque
681 2206 741 2262 dies
753 2204 828 2261 dedit
841 2210 1000 2262 extremum.

508 2301 569 2359 Nou
582 2301 628 2358 illa
642 2304 699 2360 Deo
711 2301 829 2358 vertisse
842 2299 920 2371 iicet,

508 2403 575 2469 Quae
590 2415 658 2458 uexa
671 2401 730 2457 suis
744 2403 861 2459 currunt
874 2399 978 2455 causis,

507 2497 531 2552 lt
544 2497 643 2568 cuique
655 2504 745 2566 ratus,
760 2505 843 2569 prece
857 2509 911 2552 non
926 2495 981 2553 ulla
1047 2569 1050 2578 ,

510 2586 633 2656 Mobilis,
648 2588 716 2644 ordo
727 2587 748 2645 ¹.

348 2775 460 2848 Erunt
487 2775 632 2848 fortasse
656 2773 757 2848 multi
775 2774 903 2870 quibus
922 2777 998 2851 haec
1025 2775 1067 2849 de
1093 2776 1161 2850 lato
1188 2776 1356 2850 sententia

298 2919 383 2969 vana
402 2896 555 2993 salsaque
573 2894 764 2987 videbitur;
784 2895 928 2970 sednon
947 2897 1021 2970 iraec
1036 2897 1203 2971 continuo
1222 2920 1239 2968 a
1259 2907 1359 2994 poeta

300 3022 500 3119 longissime
518 3021 625 3096 abest.
646 3020 731 3094 Eam
754 3021 848 3095 enim
868 3021 952 3096 adeo
970 3020 1192 3095 verisimilem
1213 3043 1304 3109 esse,
1323 3031 1361 3094 ut

299 3143 472 3216 rationem
490 3163 561 3215 non
580 3139 747 3228 offendat,
765 3151 800 3214 et
822 3140 858 3212 in
883 3163 919 3214 se
936 3141 1128 3215 obscurum
1147 3139 1278 3236 aliquid
1298 3141 1361 3213 ba-

300 3267 383 3342 bere
400 3266 492 3362 quod
513 3265 555 3338 ad
573 3263 706 3362 poesim
726 3263 872 3337 mirifice
885 3263 1265 3353 sitaccommodatum,
1284 3284 1362 3360 pro-

300 3388 374 3462 bari
396 3387 557 3462 facillime
572 3387 690 3486 possit.
714 3386 929 3461 Affirmando
943 3387 1059 3461 omnia
1074 3389 1141 3461 lato
1154 3388 1243 3482 regi,
1261 3387 1361 3463 stoici

301 3507 452 3581 liberum
467 3529 537 3580 non
553 3518 681 3604 negant
693 3529 768 3582 esse
781 3507 983 3596 arbitrium,
998 3507 1059 3580 sed
1074 3508 1140 3582 boo
1157 3518 1260 3604 atque
1277 3507 1361 3582 iilud

300 3653 398 3726 aeque
416 3651 491 3703 esse
508 3652 586 3704 vera
602 3630 828 3704 contendunt.
854 3629 893 3703 ld
911 3629 940 3704 si
958 3629 1037 3726 quis
1055 3629 1241 3703 arbitratus
1260 3631 1363 3704 luerit

302 3772 523 3847 nequaquam
538 3773 637 3848 posse
649 3751 741 3842 fieri,
756 3752 784 3826 is
800 3747 919 3826 secum
936 3760 1072 3848 reputet
1086 3764 1171 3847 quot
1185 3762 1219 3824 et
1233 3763 1361 3847 quanta

271 3965 276 3974 ‚
302 3886 506 3971 argumenta
520 3875 560 3972 in
579 3875 716 3971 scriptis
736 3874 953 3972 profuderint
966 3874 1199 3971 Augustinus,
1213 3874 1361 3950 Bossue·

341 4165 346 4198 ¹
362 4164 434 4220 Mau.
448 4166 539 4231 Asta,
553 4163 570 4218 l.
585 4163 628 4228 lli,
641 4177 666 4218 v.
681 4166 723 4218 tu.

338 4255 423 4312 '²Seu,
440 4257 547 4326 OEtlip,
560 4271 582 4311 v.
596 4260 657 4314 980.
