3002 5084
322 661 392 714 non
421 641 524 716 luerit
549 644 698 736 stoicus,
723 647 884 722 astoicis
912 657 1028 722 lamen
1059 648 1168 721 multa
1196 648 1393 792 eademque

320 761 506 857 magnilica
523 763 792 862 deprompsisse.

366 881 442 958 Nisi
468 883 558 959 inter
575 884 753 962 Romanos
779 887 916 964 luxuria
941 898 976 962 et
998 887 1223 963 mollities
1170 888 1204 965 di
1208 890 1394 982 sssuentes,
1486 903 1487 910 '

318 1027 383 1080 nec
401 1006 594 1104 quidquam
612 1008 780 1086 habentes
804 1011 901 1086 virile
930 1034 970 1086 ac
987 1034 1216 1108 generosum,
1240 1013 1393 1088 nobilis·
1483 1047 1487 1072 ⁴

316 1128 405 1204 sima
421 1129 479 1206 illa
499 1131 710 1230 iamdudum
728 1123 897 1211 extitisset
918 1135 1067 1211 Zenonis
1091 1137 1295 1235 disciplina,
1313 1164 1393 1238 quae

316 1245 615 1331 debacchantibus
633 1257 819 1332 hominum
839 1242 1082 1357 cupidinibus,
1096 1260 1190 1334 velut
1209 1262 1394 1337 conscien-

315 1378 362 1452 tia
392 1379 530 1476 generis
561 1379 728 1472 humani,
761 1382 968 1475 obsisteret,
999 1407 1064 1458 neo
1094 1384 1293 1475 luvenalis,
1323 1411 1391 1463 neo

314 1499 502 1597 quisquam
530 1501 619 1576 alius
646 1513 746 1599 poeta
773 1504 869 1578 hunc
886 1504 1064 1579 excelsum
1089 1502 1293 1581 servavisset
1311 1508 1390 1582 ani·

313 1644 433 1711 mum,
458 1622 519 1719 qui
543 1631 674 1719 quanto
697 1623 812 1698 studio
838 1624 1023 1714 virtutem,
1051 1635 1146 1698 lanto
1165 1625 1245 1700 odio
1263 1626 1388 1701 vitium

312 1743 556 1842 prosequitur,
571 1768 636 1820 nec
649 1745 787 1843 [coisset
801 1747 997 1844 iudipuott'o
1012 1771 1137 1822 uersus.
1152 1747 1387 1846 Nequaquam

312 1873 430 1940 tamen
449 1866 696 1941 affirmaverim
715 1880 875 1943 nostrum
899 1879 1101 1957 uvvclorem,
1125 1893 1208 1945 curu
1227 1871 1386 1947 censoris

217 2045 219 2050 .
313 1986 465 2083 expleret
480 1985 587 2078 vices,
606 1989 774 2063 censoriis
789 1988 947 2065 moribus
965 1988 1104 2081 vixisse,
1122 2000 1156 2064 et
1171 1990 1269 2066 nullo
1288 1992 1388 2066 vitio·

312 2091 394 2188 rum
417 2134 495 2209 quae
520 2111 686 2210 carpebat
704 2111 923 2190 laboravisse.
952 2113 1029 2190 Hoc
1052 2114 1168 2205 solurn
1189 2115 1276 2190 rnihi
1301 2140 1387 2192 oon-

312 2232 390 2309 oedi
408 2234 529 2332 cupio,
547 2233 644 2310 huno
662 2257 739 2309 earn
758 2217 986 2334 turpitudinis
1005 2245 1127 2311 notam
1144 2235 1235 2311 vitiis
1253 2237 1387 2313 Roma·

311 2346 444 2433 norum
457 2357 598 2434 inurere
617 2382 687 2434 non
707 2358 881 2458 potuisse,
900 2359 986 2456 quin
1005 2358 1168 2434 eximiam
1190 2362 1384 2458 quamdam

311 2483 348 2558 in
376 2483 494 2559 animo
522 2482 667 2558 haberet
693 2481 829 2558 virtutis
855 2482 1010 2582 speciem
1035 2483 1080 2558 ad
1107 2503 1213 2582 quam
1240 2488 1387 2563 referret

313 2608 431 2683 omnia
448 2607 539 2684 foeda
563 2617 597 2682 et
615 2607 779 2700 infamia,
797 2630 876 2706 quae
903 2620 983 2684 ante
1009 2609 1130 2684 oculos
1149 2609 1385 2687 obversaban-

313 2744 382 2808 tur.
400 2733 477 2823 Sic,
495 2732 589 2830 apud
612 2733 843 2824 recentiores,
861 2733 1050 2810 novissimo
1068 2735 1104 2809 in
1123 2736 1269 2826 saeculo,
1292 2733 1386 2812 cele·

314 2854 489 2933 berrimus
507 2875 576 2953 quo
602 2855 738 2930 Genava
760 2856 929 2953 gloriatur
952 2857 1201 2956 philosophus
1224 2859 1384 2956 quamvis

314 2981 424 3080 ipsius
459 2980 527 3054 vita
561 3001 632 3054 non
666 2979 793 3078 inJ'uria
828 2981 1168 3078 reprehenderetur,
1203 3005 1383 3080 perversos

315 3105 503 3204 aequalium
522 3127 668 3179 suorum
694 3127 809 3180 mores
835 3104 1079 3202 reprehendit,
1106 3116 1139 3180 et
1164 3128 1223 3180 eos
1246 3107 1291 3180 ad
1308 3130 1385 3182 reo-

316 3236 389 3301 tam
412 3221 557 3299 rationis
576 3225 733 3322 regulam
753 3223 928 3322 corrigere
947 3236 1093 3300 conatus
1112 3235 1174 3299 est.
1201 3225 1249 3300 Ut
1266 3236 1384 3302 autern

316 3347 376 3424 hic
392 3345 549 3421 Platonis
566 3356 600 3421 et
622 3346 819 3437 Plutarchi,
842 3347 893 3422 sic
917 3347 977 3422 ille
998 3347 1190 3484 stoicorum
1215 3346 1385 3423 doctrinis

317 3471 429 3546 luerat
445 3468 614 3545 imbutus

365 3590 493 3666 Utrum
518 3588 690 3688 epicurei,
713 3598 773 3663 aut
794 3589 947 3664 hominis
971 3589 1160 3688 cujuslibet
1182 3599 1383 3688 temporum

316 3713 397 3790 vitia
420 3714 513 3789 lente
538 3713 678 3788 ferentis
697 3736 737 3788 ac
754 3713 891 3788 veniam
917 3714 1030 3788 dantis
1059 3724 1092 3788 et
1114 3714 1263 3813 petentis
1280 3715 1384 3790 viois-

318 3833 405 3925 sim,
430 3856 474 3908 an
489 3831 608 3924 stoici,
625 3833 677 3908 vel
704 3833 818 3931 potius
842 3833 954 3932 cynici
977 3833 1012 3907 hi
1037 3845 1120 3907 sunt
1142 3857 1276 3925 versor,
1304 3835 1383 3933 qui,
1412 3853 1423 3874 ·

317 3978 389 4032 non
407 3955 512 4032 modo
535 3955 725 4054 sapientem
752 3955 853 4030 illum
879 3957 1030 4031 liberum
1048 3966 1083 4031 et
1099 3968 1255 4033 erectum
1275 3979 1382 4055 quern

317 4080 417 4154 stoici
433 4079 649 4170 instituunt,
666 4080 739 4188 ‘sed
765 4079 869 4154 etiarn
897 4079 1087 4178 diogenem
1112 4080 1381 4166 Atheniensium

316 4203 457 4279 turbam
480 4216 766 4304 perrumpentem
788 4202 889 4281 nobis
908 4204 945 4280 in
968 4204 1379 4284 memoriam'revocant:
