3002 5084
800 524 873 598 ltu

303 675 478 750 dicentem
496 673 768 750 Themistoclem
782 684 815 748 et
830 672 1004 748 Periclem
1017 682 1087 748 tota
1104 672 1282 748 aberrasse
1296 672 1374 762 via,

302 799 431 896 quibus
454 797 579 896 majori
605 819 698 872 curae
726 796 856 872 muenia
878 817 985 894 quam
1009 795 1153 870 virtutes
1177 794 1376 870 Athenien-

291 921 397 997 ·sium
415 920 561 1010 luerint,
579 930 614 997 et
637 921 697 1018 qui
725 920 792 996 alio
819 921 856 994 in
882 920 961 994 loco
988 918 1258 994 celeberrimum
1280 918 1376 993 illud

302 1043 405 1142 edere
427 1065 534 1118 ausus
560 1052 613 1117 est
637 1042 970 1140 effatum,·p0pulos
994 1041 1155 1116 videlicet
1180 1041 1226 1116 ita
1253 1041 1376 1117 solum

301 1167 375 1242 fore
393 1166 530 1257 beatos,
549 1165 576 1241 si
597 1165 815 1265 philosophis
833 1188 999 1264 regnum,
1017 1175 1078 1239 ant
1092 1164 1122 1239 si
1135 1163 1277 1262 regibus
1292 1165 1376 1264 pbi-

302 1291 461 1391 losophia
479 1302 570 1367 esset
587 1292 788 1368 obventura.
803 1290 945 1367 Persius
963 1299 1081 1366 autem
1094 1290 1183 1365 mira
1200 1291 1377 1388 quadam,

302 1425 343 1490 ut
354 1415 453 1506 solet,
465 1415 605 1491 dicendi
618 1415 852 1491 concitatione
868 1424 902 1490 et
916 1412 1036 1488 vividis
1048 1412 1261 1510 imaginibus
1274 1413 1378 1488 illam

303 1533 519 1609 liberrimam
540 1536 771 1632 eamdemque
795 1533 1012 1609 verissimam
1036 1531 1204 1630 expressit
1231 1542 1378 1608 senten-

304 1655 400 1730 tiam.
426 1654 480 1730 Ab
505 1655 684 1731 Alcibiade
706 1655 821 1730 adhuc
845 1651 1065 1729 adolescente
1092 1652 1184 1751 apud
1210 1664 1377 1728 nostrum

303 1775 463 1850 Socrates
490 1773 577 1874 petit
605 1797 669 1851 cur
697 1785 732 1850 et
758 1796 828 1873 quo
856 1775 964 1850 fretus
991 1795 1046 1850 res
1075 1773 1196 1872 populi
1224 1783 1378 1850 tractare

304 1899 402 1976 velit:

411 2076 526 2136 Scilicet
534 2076 676 2149 ingenium
688 2080 717 2134 et
728 2089 820 2135 rerum
835 2077 980 2149 prodentia
993 2076 1072 2135 velox

409 2176 478 2234 Ante
492 2173 565 2246 pilos
578 2174 668 2246 venit;
679 2173 797 2232 dicenda
811 2173 982 2244 tacendaque
997 2171 1105 2230 ealles?

411 2273 496 2342 Ergo,
510 2270 557 2328 ubl
571 2273 707 2328 commota
721 2269 810 2328 servet
821 2268 966 2342 plebecula
981 2269 1052 2339 bile,

410 2369 475 2426 Fert
488 2365 596 2424 animus
610 2365 706 2424 calidae
720 2365 822 2424 iecisse
837 2366 946 2424 silentia
962 2365 1050 2424 turbae

409 2461 553 2531 Maiestate
567 2473 673 2518 manus.
689 2461 760 2530 Quid
775 2460 874 2518 deinde
887 2458 1019 2531 loquerer
1034 2457 1168 2528 Quirites,

412 2559 485 2630 lloc,
499 2562 583 2631 puto,
600 2573 655 2616 nun
665 2559 772 2629 justum
788 2562 846 2631 est3
859 2557 928 2616 illud
942 2557 1028 2630 male3
1045 2557 1151 2614 rectius
1163 2553 1238 2612 istud
1250 2551 1266 2609 ¹.

353 2723 400 2803 Ut
418 2726 460 2801 de
474 2725 569 2824 justo
587 2735 622 2801 et
638 2725 769 2824 injusto
782 2725 962 2825 judicare,
977 2743 1119 2823 pravam
1137 2716 1376 2796 multitudinis

305 2851 508 2951 opinionem
526 2851 720 2948 corrigere,
739 2851 781 2928 de
799 2851 928 2926 civium
946 2849 1012 2923 vita
1030 2859 1182 2924 statuere
1198 2843 1326 2919 audeat
1342 2851 1378 2917 et

305 2979 444 3076 ciprum
457 2979 539 3054 nitio
550 2978 733 3078 prufipere
746 2979 856 3068 tdetu,
873 2977 958 3076 qnid
977 2975 1140 3074 estquod
1158 2984 1258 3048 antea
1277 2970 1376 3045 dedi-

306 3101 418 3176 cerit?
434 3098 529 3176 Nihil
545 3100 701 3175 omnino.
718 3097 954 3186 Quamobrem
967 3097 1199 3196 philosophus
1210 3094 1375 3192 juvenem

306 3223 465 3299 nominat
475 3224 658 3314 insanum,
674 3245 827 3322 eumque
838 3221 935 3298 inani
950 3219 1114 3319 superbie
1126 3231 1262 3295 tumere
1276 3205 1374 3291 sinit':

412 3411 483 3473 Dum
496 3429 531 3472 ne
543 3415 666 3474 deterius
681 3415 771 3487 sapiat
784 3415 922 3487 pannucia
936 3415 1049 3485 Baucis,

414 3513 503 3580 Quum
515 3511 586 3569 bene
599 3512 735 3570 discincto
749 3513 901 3570 cantaverit
911 3513 999 3570 ocima
1012 3524 1103 3568 vernae
1113 3507 1130 3566 ².

357 3670 564 3774 Nunquam,
583 3679 707 3772 crede,
725 3689 825 3778 poeta
851 3677 1038 3777 quisquam
1065 3677 1107 3751 de
1132 3673 1307 3763 moribus,
1333 3669 1375 3748 de
1416 3735 1421 3747 .

305 3803 401 3902 jure,
417 3803 460 3880 de
472 3803 611 3903 populis
627 3805 884 3903 sapientissimo
898 3806 1024 3902 cuique
1039 3801 1215 3900 regendis,
1231 3799 1375 3875 liberius

309 3932 343 3998 et
359 3925 563 4021 generosius
581 3923 720 4001 locutus
736 3937 797 4002 est.
816 3926 1015 4026 Saepissime
1041 3924 1185 4015 accidit,
1204 3919 1376 3998 recentio-

349 4187 356 4218 ¹
369 4191 445 4248 Pers.
458 4165 530 4264 Sat,
542 4194 588 4265 lv,
600 4207 624 4250 v.
641 4195 666 4251 4.

336 4273 355 4312 '²
368 4284 443 4341 Pers.
458 4287 530 4355 Sat,
544 4287 588 4358 lV,
601 4301 626 4343 v.
643 4291 687 4345 at.
