3042 5086
687 523 732 594 til

282 673 404 730 llumana
418 673 482 728 ante
495 670 593 728 oculos
607 685 669 728 cum
682 669 754 728 loedo
767 669 821 728 uita
833 671 940 740 laceret

280 768 310 824 ln
325 767 421 838 terris,
435 779 569 840 oppressa
582 766 657 838 gravi
671 766 722 824 sub
736 766 892 838 relligione,

281 861 347 928 Quae
362 863 473 930 capulo
488 857 552 916 ooeli
566 857 726 930 regionibus
740 857 905 916 ostendebat

281 954 412 1014 norribili
425 967 510 1026 super
522 957 637 1026 aspectu
651 953 813 1012 mortalibus
829 953 937 1012 instans
947 953 973 1026 ¹,

223 1248 370 1326 Homini
389 1272 429 1326 eo
447 1261 605 1350 tempore
623 1249 766 1340 viventi,
786 1271 855 1348 quo
884 1251 971 1326 ratio
997 1249 1167 1348 plurimas
1186 1251 1241 1325 di-

173 1373 311 1474 judicat
327 1397 399 1465 res,
418 1373 528 1450 serius
547 1374 645 1450 ocius
668 1374 733 1449 erit
751 1372 1011 1449 decernendum
1031 1397 1108 1473 quae
1126 1375 1243 1475 philo-

178 1495 300 1594 sophia
331 1494 488 1573 videatur
516 1495 707 1572 verissima.
737 1495 784 1571 Ut
812 1495 989 1594 quondam
1014 1497 1136 1574 suisset
1161 1497 1245 1572 reli-

182 1614 353 1713 gioni‚sic
365 1626 441 1691 turn
453 1615 744 1716 philosophorum
755 1615 894 1692 familiae
905 1616 970 1692 erit
981 1617 1243 1693 adscribendus.

183 1735 256 1824 Qua
286 1737 469 1837 disciplina
499 1739 608 1814 semel
635 1749 796 1839 accepta,
824 1748 879 1830 ut,
905 1761 976 1814 non
1002 1739 1117 1815 solum
1141 1739 1246 1813 vitam

180 1881 298 1949 suam,
315 1857 375 1933 sed
395 1857 499 1934 etiarn
517 1859 663 1934 civitatis
676 1881 793 1934 mores
809 1858 852 1932 ad
867 1858 959 1933 hanc
975 1859 1073 1956 quasi
1087 1879 1247 1934 normam

180 1982 329 2080 dirigere
349 1993 513 2073 conetur,
533 1983 711 2080 quomodo
729 1981 875 2081 poterit,
894 1980 923 2055 si
942 1981 1026 2078 quid
1044 1981 1197 2056 scribere
1215 1990 1249 2053 et

180 2130 393 2206 componere
412 2108 574 2199 tentabit,
593 2108 775 2207 opiniones
788 2127 875 2204 quas
887 2104 1083 2179 verissimas
1102 2102 1249 2178 arbitra·

179 2232 297 2321 bitur,
328 2254 521 2329 sensusque
554 2254 641 2328 quos
673 2230 816 2306 habebit
848 2228 1047 2304 carissimos
1079 2226 1146 2300 alta
1182 2224 1248 2299 sub

179 2363 298 2429 mente
316 2353 482 2444 retinere,
498 2364 533 2428 et
544 2377 631 2428 vana
650 2354 691 2428 de
706 2352 791 2443 diis,
811 2374 908 2427 more
923 2351 1033 2448 vulgi,
1047 2348 1249 2425 nauseando

180 2473 342 2551 effutire?
377 2474 477 2561 erod
504 2474 533 2550 si
562 2475 707 2565 iaceret,
736 2474 975 2574 pretiosiorem
1004 2475 1071 2550 sibi
1100 2483 1252 2549 servaret

180 2595 236 2671 sui
253 2605 406 2693 perlem,
424 2595 651 2694 vilioremque
670 2596 704 2670 in
730 2595 886 2671 medium
906 2595 1085 2692 proferret.
1112 2593 1251 2690 ltaque,

181 2721 318 2820 quoties
336 2720 597 2819 philosophica,
616 2731 655 2795 ul
670 2721 715 2795 ita
739 2721 875 2812 dicam,
890 2731 971 2795 aetas
997 2716 1180 2806 inciderit,
1200 2727 1251 2791 tc·

181 2844 245 2920 ties
258 2853 377 2942 poeta,
395 2843 540 2919 simodo
559 2843 860 2920 nobilissimarum
873 2842 982 2918 aetatis
996 2864 1068 2916 suae
1084 2860 1251 2915 curarum

181 2966 286 3042 suerit
312 2965 503 3064 particepS,
531 2965 861 3065 philosophiamque
889 2964 1044 3062 aliquam
1073 2961 1253 3060 amplexus

182 3087 307 3177 luerit,
336 3087 494 3178 versibus
525 3087 769 3186 philosophica
801 3097 947 3187 exponet
975 3094 1168 3186 praecepta3
1199 3082 1253 3156 sin

182 3209 301 3300 aliter,
319 3210 436 3286 animo
455 3208 541 3285 dum
559 3209 808 3300 reluctabitur,
831 3209 963 3306 ingenii
981 3209 1034 3284 sui
1053 3205 1152 3305 quasi
1171 3226 1253 3279 ner-

181 3352 241 3405 vos
260 3329 374 3405 elidet.

230 3453 283 3530 Ne
301 3456 378 3554 quis
397 3455 483 3530 sorte
501 3453 568 3529 sihi
587 3453 793 3552 cogitatione
810 3453 953 3551 effingat
969 3477 991 3528 a
1008 3474 1065 3553 me
1082 3450 1256 3550 angustio-

180 3577 279 3653 ribus
303 3576 461 3653 lerminis
485 3587 604 3676 poetas
626 3576 892 3668 circumscribi,
917 3576 1041 3673 eisque
1064 3575 1098 3650 id
1123 3572 1257 3674 imponi

182 3723 333 3790 munus,
363 3710 400 3774 ut
425 3699 653 3798 prohibeant,
678 3721 815 3798 semper
842 3700 884 3774 de
912 3701 1032 3774 sutura
1062 3695 1258 3794 loquendo,

185 3817 376 3917 quominus
404 3818 447 3893 de
471 3830 641 3917 praesenta
667 3817 731 3892 nita
755 3820 933 3910 fruamur,
959 3815 1080 3896 dicam
1107 3816 1142 3890 id
1165 3813 1258 3911 quod

185 3965 240 4018 res
258 3941 366 4018 habet
382 3951 416 4016 et
433 3941 527 4040 quod
545 3940 666 4017 sentio.
691 3939 803 4016 Homo
822 3941 871 4016 sio
890 3963 908 4016 a
926 3953 1057 4017 natura
1075 3937 1141 4012 luit
1157 3957 1260 4011 cons-

224 4265 232 4305 ¹
246 4267 354 4325 lucret.
369 4268 410 4322 De
423 4270 485 4323 not.
501 4278 569 4337 rer,
582 4263 600 4321 l.
616 4265 640 4336 l,
651 4278 676 4322 v.
692 4269 735 4324 63.
