3042 5086
789 502 837 575 ln

281 647 453 737 dentiam,
472 657 546 720 tum
572 647 614 722 ad
632 648 816 723 hominem
842 649 987 748 ejusque
1014 649 1128 726 officia
1153 651 1348 749 pertinent,

281 780 315 846 et
333 793 410 866 quae
428 780 635 870 praesentem
655 772 749 846 hanc
777 771 899 861 vitam,
927 773 1102 871 vitamque
1128 773 1225 847 illam
1248 775 1345 848 lutu-

281 918 357 969 ram
382 894 689 992 complectuntur?
712 896 832 972 Rebus
854 905 927 970 tam
953 895 1071 992 magni
1099 897 1285 987 momenti,
1309 897 1346 971 in

281 1017 410 1114 quibus
433 1028 552 1091 nostra
581 1039 656 1092 sors
683 1017 797 1091 omnis
818 1016 979 1106 vertitur,
1009 1015 1116 1090 semel
1143 1016 1346 1115 propositis,

282 1141 379 1215 nulla
396 1149 532 1216 terrena
552 1150 586 1216 et
604 1141 734 1217 caduca
751 1164 806 1216 res
819 1150 871 1214 est
887 1163 966 1238 quae
982 1139 1084 1214 nobis
1102 1161 1173 1213 non
1189 1140 1348 1216 videatur

284 1261 427 1338 omnino
446 1261 590 1361 puerilis
608 1274 643 1338 et
659 1261 846 1337 irridenda.
865 1262 996 1336 Rerum
1016 1260 1231 1336 sublimitate
1245 1261 1347 1350 elati,

283 1382 327 1457 ad
346 1383 536 1479 quamdam
557 1382 723 1479 loquendi
741 1383 954 1492 divinitatem
978 1382 1176 1471 evehimur,
1195 1393 1229 1456 et
1245 1380 1346 1455 nobi-

279 1509 332 1592 les
346 1509 552 1600 sententiae,
567 1510 761 1599 nobilibus,
776 1521 817 1585 ut
831 1511 947 1600 decet,
963 1508 1174 1607 imaginibus
1188 1517 1345 1594 ornataS,

282 1629 538 1729 profundimus.
559 1630 626 1716 Qui
643 1630 873 1728 philosophus
891 1631 996 1705 modo
1018 1630 1145 1719 suerat,
1163 1629 1192 1703 is
1210 1628 1346 1726 impru-

282 1754 368 1828 dens
387 1762 502 1828 orator
520 1764 580 1828 aut
598 1763 697 1853 poeta
715 1752 837 1828 evadit.

329 1875 470 1961 Quoties
493 1876 604 1965 enim,
628 1899 709 1951 cum
730 1876 821 1974 apud
840 1885 989 1964 veteres,
1014 1884 1091 1948 tum
1109 1873 1203 1972 apud
1224 1895 1346 1962 recen-

281 2006 348 2085 teS,
368 1995 580 2094 scriptorum
594 1995 668 2069 sine
683 1995 918 2070 controversia
932 1995 1166 2069 maximorum
1180 1992 1347 2089 eloquen-

280 2120 352 2209 tiae,
379 2129 418 2194 ut
444 2121 605 2194 materies
632 2120 813 2217 quaedam,
840 2142 947 2217 quam
977 2128 1140 2193 tractaret
1165 2128 1200 2192 et
1224 2117 1258 2190 in
1278 2139 1346 2214 qua

280 2251 491 2331 versaretur,
510 2239 666 2338 subjecta
695 2241 761 2314 luit
788 2237 1026 2339 philosophia!
1050 2237 1245 2311 Memorare
1264 2237 1346 2310 sotis

281 2363 344 2452 sit,
363 2363 455 2459 apud
479 2363 637 2451 Graecos,
662 2363 845 2437 Platonem
870 2360 971 2435 illurn
996 2361 1096 2459 cujus
1116 2371 1209 2434 tanta
1228 2359 1292 2433 suit
1309 2360 1346 2433 in

280 2479 430 2554 dicendo
445 2481 561 2578 copia,
574 2480 721 2576 gravitas
734 2491 770 2554 et
782 2480 992 2577 amplitudo,
1005 2490 1046 2553 ut
1059 2500 1129 2552 non
1144 2478 1261 2576 inepte
1274 2478 1348 2552 dic·

279 2612 356 2676 tum
374 2602 478 2677 luerit
491 2603 629 2692 lovem,
648 2602 676 2676 si
694 2625 805 2699 graece
820 2603 1003 2676 locuturus
1017 2609 1125 2689 esset,
1143 2600 1190 2674 ita
1208 2601 1346 2676 locutu-

279 2748 375 2816 rum;
392 2735 507 2822 atque,
521 2725 614 2824 apud
628 2726 817 2814 Romanos,
831 2725 990 2799 Marcum
1004 2723 1176 2815 Tullium,
1189 2726 1261 2822 qui,
1276 2748 1346 2799 non

278 2858 416 2923 tantum
429 2851 565 2924 forense
581 2849 735 2938 dicendi,
752 2849 812 2923 sed
826 2850 931 2923 etiam
945 2847 1133 2924 umbratile
1145 2849 1346 2947 disputandi

278 2994 389 3068 genus
407 2983 548 3047 secutus
564 2985 635 3063 est,
654 2985 689 3047 et
706 2973 749 3048 de
774 2973 898 3048 officiis
914 2984 974 3048 aut
991 2974 1034 3048 de
1053 2984 1177 3048 natura
1200 2973 1347 3047 deorum

279 3119 317 3170 ea
337 3096 476 3195 scripsit
494 3097 622 3196 quibus
640 3097 781 3196 optimae
801 3098 911 3196 ipsius
928 3097 1104 3172 orationes
1122 3121 1347 3195 nequaquem

280 3218 351 3291 sint
377 3221 638 3318 anteponendas.
673 3220 758 3294 Mihi
788 3232 905 3295 autem
934 3219 1180 3295 celeberrimos
1208 3232 1347 3294 nostros

280 3340 466 3438 scriptores
497 3344 665 3417 memoria
699 3344 869 3440 repetenti
900 3343 988 3418 nulli
1019 3365 1128 3442 prope
1155 3356 1347 3418 occurrunt

281 3459 445 3535 clariores
461 3484 567 3557 quam
588 3462 647 3559 qui
669 3462 710 3536 de
734 3463 919 3537 hominum
936 3463 1020 3552 vita,
1046 3463 1089 3538 de
1107 3465 1284 3554 moribus,
1303 3465 1346 3538 de

281 3584 367 3673 Dec,
387 3585 429 3658 de
448 3585 612 3660 omnibus
632 3587 773 3660 tandem
792 3609 869 3683 quae
887 3585 1043 3660 continet
1066 3596 1100 3661 et
1125 3586 1348 3685 amplectitur

280 3706 519 3805 philosophia,
534 3707 785 3781 disseruerunt.
803 3707 887 3792 Quis
902 3709 1082 3782 sententiis
1097 3708 1251 3783 crebrior
1263 3710 1347 3784 ima·

280 3828 490 3926 ginibusque
513 3828 682 3902 illustrior
709 3852 814 3926 quam
840 3830 1025 3903 Montanus
1044 3841 1078 3904 et
1100 3830 1297 3920 PascaliuS‚
1317 3831 1346 3905 si

282 3952 370 4024 forte
385 3973 527 4024 necesse
545 3951 589 4025 sit
603 3963 741 4025 mentes
760 3951 907 4024 excitare
926 3961 960 4025 et
978 3951 1013 4022 in
1031 3951 1157 4026 animis
1176 3953 1346 4049 quosdam

283 4073 479 4170 relinquere
499 4074 663 4148 aculeos?
680 4073 764 4158 Quis
784 4074 997 4148 Fenelonem
1016 4074 1185 4149 suavitate
1202 4099 1257 4164 ea,
1278 4099 1345 4173 qua

284 4195 419 4270 animos
438 4195 616 4295 perfundit
630 4195 838 4292 legentium,
855 4196 908 4270 vel
921 4196 1146 4274 Bossuetium
1158 4199 1268 4274 vivido
1282 4199 1347 4273 im·
1373 4295 1387 4304 .
