3002 5084
625 533 697 606 tto

126 673 226 748 ribus
251 675 482 773 temporibus,
501 689 539 749 ut
566 678 799 776 respublicas
827 687 1014 750 tractarent
1031 675 1190 750 homines

125 809 224 874 tanto
256 802 394 875 muneri
426 802 595 900 impareS,
627 803 740 877 omnis
771 803 997 877 humanitatis
1019 810 1191 900 experteS,

126 919 358 1017 moribusque
386 894 655 996 dissolutissimi.
676 921 788 1008 Quam
814 921 917 1020 pauci
942 932 1057 994 tamen
1083 927 1194 1017 poetae

118 1021 312 1116 ¹christiani
344 1065 404 1117 eos
436 1044 591 1119 versibus
623 1043 804 1143 carpsere!
839 1043 1053 1141 Plerumque
1084 1038 1196 1114 nostri

128 1173 241 1262 poetae
260 1164 343 1238 satis
361 1164 560 1240 habuerunt
589 1167 683 1241 vanis
710 1165 894 1242 cantilenis
913 1164 1119 1262 distringere
1136 1183 1197 1260 po·

22 1359 23 1364 a
128 1296 258 1376 tentes,
283 1309 349 1362 nec
376 1289 570 1386 quidquam
595 1289 745 1381 serium,
768 1289 883 1377 virile,
916 1288 1003 1361 sorte
1034 1285 1197 1361 adversus

130 1432 191 1486 eos
213 1410 440 1510 scripserunt.
462 1411 554 1487 Dum
571 1413 714 1488 Arverni
742 1436 759 1487 a
784 1411 1003 1512 principibus
1028 1409 1198 1485 crudelis·

131 1535 220 1626 sime
238 1546 443 1609 vexarentur
460 1547 511 1624 et,
530 1535 664 1612 nullam
683 1535 726 1610 ob
751 1558 845 1627 rem,
863 1533 1058 1608 saevissimis
1076 1533 1196 1608 affice-

131 1668 256 1732 rentur
273 1657 456 1756 suppliciis
468 1661 500 1748 ¹,
521 1659 658 1734 Bolaeus
677 1671 811 1748 noster,
837 1659 886 1731 vir
908 1657 1038 1755 alioqui
1056 1655 1197 1731 liberet

134 1781 267 1870 bonus,
284 1804 356 1855 suae
374 1782 483 1856 aetatis
501 1793 684 1879 poetarum
701 1806 821 1860 versus
839 1781 975 1881 placide
994 1781 1151 1870 notabat,
1170 1779 1196 1853 si

135 1903 213 1998 quis
233 1902 434 1978 offendisset
452 1928 552 1979 aures
572 1915 695 1981 teretes
719 1916 754 1983 et
776 1905 974 2002 religiosam
994 1913 1028 1978 et
1046 1903 1103 1978 cui
1124 1925 1201 1977 ver-

136 2026 280 2115 borum,
296 2025 348 2100 vel
363 2028 548 2124 paululum
562 2029 712 2120 discors,
731 2052 839 2104 sonus
853 2026 1011 2104 movebat
1026 2025 1152 2116 bilem,
1170 2025 1199 2100 is

137 2148 251 2223 omnia
270 2148 426 2223 humana
444 2150 628 2249 divinaque
642 2153 722 2250 jura
741 2151 881 2226 misceri
900 2151 992 2223 lente
1008 2148 1150 2223 serebat.
1201 2183 1206 2194 ·
1275 2129 1284 2150 ’

179 2269 344 2354 Persium
363 2293 442 2345 vero
460 2293 530 2346 non
549 2271 640 2368 sugit
657 2270 853 2346 libertatem
875 2291 893 2343 a
919 2277 1064 2368 praetore
1084 2266 1200 2342 datam

136 2411 175 2463 ex
191 2389 314 2462 intima
345 2389 451 2464 animi
479 2390 637 2465 libertate
664 2390 834 2488 pendere,
860 2399 894 2463 et
921 2387 1099 2461 nemiuem
1123 2408 1202 2461 vere

135 2510 303 2602 liberum,
322 2535 401 2588 vere
425 2513 534 2590 civem
554 2516 644 2605 lore,
672 2516 731 2613 qui
759 2515 831 2590 suis
861 2511 1110 2611 cupiditatibus
1139 2510 1205 2585 erit

136 2633 317 2708 obnoxius.
338 2632 450 2719 Quam
469 2634 512 2708 ad
535 2637 766 2726 seutentiam,
794 2657 889 2709 mere
907 2632 1070 2721 stoicam,
1088 2629 1203 2705 verbis

137 2751 415 2849 exprimendam,
435 2775 506 2828 non
521 2754 608 2846 leui,
626 2754 789 2852 aequabili
808 2765 842 2829 et
859 2754 1020 2827 inornate
1036 2747 1204 2826 orationis
1230 2821 1233 2826 .

138 2881 270 2962 tractu,
287 2873 576 2972 philosophorum
589 2898 702 2966 more,
716 2878 844 2963 utitur,
859 2872 953 2972 quod
967 2872 998 2947 ei
1012 2867 1200 2968 aliquando

140 2993 315 3092 objectum
335 3006 403 3086 est,
422 2997 482 3072 sed
501 2999 617 3096 potius
636 2999 773 3074 dicendi
790 3020 899 3095 genus
922 2995 1041 3069 vividis
1058 2993 1205 3067 distinc-

141 3127 213 3192 tum
235 3118 430 3210 coloribuS,
455 3120 718 3196 vehementibus
742 3119 925 3194 incitatum
948 3115 1102 3190 motibus
1120 3136 1205 3188 con-

139 3245 303 3310 sectatur.
322 3237 444 3335 ltaque
463 3261 532 3312 uon
549 3239 647 3314 video
663 3239 747 3337 quid
763 3237 798 3311 in
812 3259 852 3310 eo
868 3234 1043 3311 desideres
1059 3257 1077 3308 e
1092 3230 1204 3306 tribus

142 3381 219 3455 quae
237 3359 367 3434 Fenelo
385 3362 532 3458 requirit
556 3360 654 3436 abeo
673 3362 733 3460 qui
757 3361 802 3436 sit
819 3359 955 3456 egregie
973 3357 1149 3444 dicturus,
1166 3363 1206 3427 ut

143 3479 304 3554 homines
331 3481 453 3556 doceat
481 3493 515 3557 et
540 3495 675 3556 moveat
710 3501 898 3576 rerumque
927 3476 1079 3576 speciem
1106 3473 1206 3572 quasi

146 3599 298 3693 quadam
315 3600 479 3698 depingat
497 3601 619 3676 tabella
631 3604 662 3675 ²:

247 3794 384 3851 libertate
399 3808 469 3866 opus
481 3799 539 3852 est:
552 3809 608 3853 uon
621 3797 684 3868 hac,
699 3809 779 3866 quam
794 3795 954 3865 utquisque
968 3790 1063 3850 velina

252 3886 366 3943 Publius
381 3888 509 3958 emeruit,
525 3887 681 3946 scabiosum
693 3887 832 3960 tesserula·
846 3886 888 3943 lar

181 4132 256 4188 ¹Lea
272 4133 394 4189 Grande
405 4135 503 4206 jours,
520 4147 570 4206 par
583 4134 715 4193 Fltohler.

181 4227 335 4287 'Penelom
350 4232 507 4304 Dialogues
519 4247 571 4288 sur·
585 4232 767 4303 cetoqueuce,
781 4232 809 4288 20
822 4227 966 4300 dictoque.

290 4347 321 4400 F,
1048 4321 1060 4365 1
