3042 5086
666 513 713 588 l5

148 655 278 753 saepius
302 655 500 753 anteponit,
517 677 557 730 eo
580 659 690 756 magis
709 670 801 734 vates
818 658 1082 755 pulchritudine
1100 661 1218 736 delec-

147 789 244 853 tatur
261 801 300 853 ea
325 802 402 877 qnae
425 779 460 852 in
479 780 638 856 moribus
663 781 821 857 consistit
838 791 871 856 et
893 805 972 878 quae
991 804 1060 857 non
1079 783 1218 861 videtur

148 897 280 988 oculis,
297 908 414 972 mente
431 910 549 974 tamen
572 900 787 998 coneipitur,
805 923 999 999 vanamque
1016 902 1119 977 istam
1136 905 1218 1002 pul·

148 1021 227 1095 chri
245 1019 398 1119 speciem
418 1021 627 1120 dedignatur
645 1046 752 1120 quam
770 1045 915 1120 corpora
937 1045 1008 1120 prae
1031 1046 1068 1098 se
1087 1024 1212 1099 serunt.

147 1142 343 1234 Homerus,
358 1144 406 1218 ait
420 1144 651 1244 philosophus
666 1145 756 1220 inter
770 1157 926 1220 recentes
942 1145 1219 1238 nobilissimus¹,

149 1271 284 1336 tantam
304 1263 393 1352 viro,
414 1286 519 1360 quem
543 1265 643 1340 nobis
667 1287 791 1362 magna
814 1264 888 1358 vult
904 1285 979 1338 esse
1002 1263 1038 1338 in
1064 1264 1219 1340 admira·

149 1387 263 1479 tione,
290 1388 477 1464 tribuendo
503 1390 740 1481 velocitatem,
764 1414 833 1465 non
859 1389 967 1464 sensit
989 1411 1026 1464 se
1051 1389 1153 1465 illum
1178 1414 1219 1466 ea

148 1514 275 1590 virtute
302 1515 537 1607 exornavisse,
563 1537 631 1614 qua
657 1538 740 1590 cnm
767 1514 865 1613 equis
892 1514 1131 1614 venaticisque
1158 1540 1218 1592 ea·
1260 1537 1265 1550 ·

155 1631 260 1706 nibus
283 1633 334 1708 vix
361 1644 519 1710 certaret.
547 1634 638 1721 Quid
664 1634 791 1734 plura?
818 1633 907 1710 Cum
932 1633 1106 1710 Pindarus
1132 1637 1220 1711 tanti

153 1755 280 1831 laceret
298 1759 453 1856 corporis
467 1739 559 1834 ⁴vires
578 1769 612 1834 et
630 1758 836 1856 agilitatem,
854 1767 894 1833 ut
919 1782 990 1857 prae
1013 1757 1081 1834 illis
1100 1760 1218 1835 omnia

152 1881 294 1958 sordere
316 1891 351 1956 et
374 1880 471 1957 nullo
497 1881 533 1957 in
559 1905 707 1958 numero
726 1904 800 1958 esse
819 1882 849 1956 ei
868 1881 1083 1972 viderentur,
1103 1894 1221 1959 noster

150 2015 273 2077 contra
291 2003 490 2080 Ludovicus
515 2005 660 2102 Magnus
678 2014 788 2104 poetae
807 2003 949 2079 cuidam
967 2005 1115 2102 graviter
1140 2029 1222 2080 suc-

151 2124 333 2200 censuisse
362 2124 509 2216 dioitur‚
540 2125 633 2223 quod
662 2125 752 2200 inter
779 2133 829 2198 tot
854 2124 938 2199 alias
967 2124 1063 2199 dotes
1092 2125 1220 2220 quibus

150 2266 187 2317 se
206 2244 394 2342 praeditum
413 2255 447 2320 et
465 2245 679 2320 instructum
695 2243 854 2342 putabat,
874 2242 1009 2317 nullam
1026 2243 1090 2318 iste
1110 2244 1221 2342 magis

150 2367 384 2458 laudandam,
406 2389 512 2464 quam
533 2365 638 2442 nandi
662 2374 772 2440 artem
793 2376 978 2463 repererat.
1007 2364 1091 2449 Quis
1110 2388 1129 2440 e
1148 2366 1222 2440 ola-

151 2491 301 2566 rissimis
325 2489 435 2594 aetatis
460 2500 587 2565 nostrae
610 2489 763 2577 vatibus,
783 2486 967 2562 hominum
984 2487 1082 2586 jura,
1108 2510 1220 2588 popu-

151 2616 267 2690 lorum
287 2613 493 2704 utilitatem,
517 2624 551 2688 et
568 2612 724 2689 scientiae
751 2622 936 2708 augmenta
961 2611 1153 2703 omitteret,
1180 2622 1221 2686 ut

153 2737 271 2813 nescio
296 2759 383 2836 quos
402 2737 567 2828 athletas,
596 2737 632 2810 in
655 2734 763 2810 triviis
789 2734 967 2810 decertare
990 2733 1125 2825 solitos,
1152 2734 1218 2810 sibi

154 2870 309 2936 sumeret
327 2858 578 2936 celebrandos?

575 3215 721 3293 CAPUT
739 3215 800 3292 Ill.

153 3411 280 3479 QUIBUS
290 3406 511 3465 TEMPORIBUS
525 3404 724 3472 outssusottn
736 3403 801 3459 SUB
813 3399 1084 3457 conntvtorttntts
1098 3399 1219 3456 POESIS

193 3525 488 3590 nv'rtttnosorffln
503 3528 709 3587 cottsomnat
725 3528 768 3582 ΕΤ
782 3525 1008 3582 COALESCERE
1023 3524 1177 3580 Posstttv.
1295 3601 1298 3608 Ι

202 3761 248 3836 Ut
261 3758 393 3836 caeteris
409 3757 542 3832 artibus
556 3753 734 3853 ingenuis,
750 3751 801 3826 sic
816 3751 865 3825 illi
881 3773 988 3848 quam
1006 3749 1141 3849 poesim
1155 3771 1220 3824 no·
1254 3827 1258 3836 ,

152 3881 347 3969 minamus,
364 3899 492 3977 eaquae
505 3896 692 3950 mensvere
706 3872 853 3969 cogitat,
867 3882 901 3944 et
914 3870 1042 3967 quibus
1054 3892 1130 3944 vere
1147 3892 1219 3943 mo-

152 4015 251 4081 vetur
265 4003 421 4095 animus,
437 4002 573 4078 sincere
588 3997 768 4096 virideque
783 3992 1006 4094 exprimenda
1022 4001 1114 4066 sunt.
1131 3991 1219 4066 Pul-

189 4227 196 4266 ¹
214 4226 416 4290 Malabranche.
430 4255 460 4267 -
479 4223 561 4283 fleat.
577 4223 611 4280 de
624 4222 654 4278 to
669 4223 764 4279 verite.
779 4249 813 4262 —
829 4217 949 4276 Prttace.
