3002 5084
357 631 441 742 Haeo
456 629 727 728 Agamemnonis
754 632 856 708 verba
880 631 987 708 stoica
1006 632 1159 730 quadarn
1178 631 1382 708 constantia

308 753 397 832 mihi
415 755 576 832 videntur
592 755 764 854 insignia:

448 958 509 1026 Quo
521 955 601 1028 plura
614 953 720 1028 possis,
734 953 814 1025 plura
827 953 963 1025 patienter
975 952 1057 1012 ieras.

448 1143 575 1204 violenta
587 1155 668 1201 nemo
681 1143 795 1215 imperia
807 1143 946 1201 continuit
958 1142 1022 1200 ullu:

447 1237 589 1297 Moderata
600 1237 709 1296 durant.
723 1239 838 1308 Quoque
851 1236 962 1294 lortuna
974 1234 1058 1294 altius

447 1329 542 1388 Erexit
554 1344 586 1387 ac
601 1329 701 1388 leuauit
715 1329 849 1387 humanas
862 1342 947 1400 opes,

447 1427 505 1484 lloc
520 1439 550 1483 se
564 1427 652 1499 magis
665 1427 833 1499 supprimere
847 1425 955 1484 felicem
967 1424 1075 1484 decoll.

353 1605 547 1682 Dissimiles
558 1608 701 1705 quidem
714 1630 879 1698 numero,
893 1607 953 1683 sed
969 1605 1139 1682 sententia
1151 1606 1222 1681 sere
1238 1604 1374 1681 similes

305 1730 435 1806 Seneca
451 1731 608 1805 condidit
619 1754 754 1822 uersor,
771 1755 854 1807 curn
869 1731 1067 1806 stoicorum
1080 1730 1182 1805 iilum
1197 1752 1318 1826 regem
1335 1729 1372 1803 in

308 1851 451 1950 poeote
473 1851 666 1952 descripsit.
690 1853 758 1927 Sed
776 1852 858 1928 satis
877 1852 999 1927 mirari
1017 1873 1153 1948 nequeo
1171 1851 1208 1924 in
1227 1873 1372 1925 scenam

305 1973 349 2048 ab
364 1995 405 2048 eo
423 1974 586 2050 inductos
603 1973 709 2049 fuisse
726 1974 906 2066 homines,
921 1973 1014 2049 Atrei
1033 1972 1201 2071 aequales,
1219 1983 1254 2047 et
1265 1973 1373 2048 serni·

305 2095 412 2187 ieros,
428 2095 509 2171 talia
525 2108 704 2188 canentes
720 2119 791 2172 non
804 2119 905 2172 secus
923 2120 963 2171 ac
980 2096 1021 2186 si,
1040 2095 1178 2170 Zenone
1191 2094 1372 2190 magistro,

303 2218 535 2319 philosophia
546 2243 688 2320 operam
707 2221 893 2297 dedissent.
913 2220 996 2295 Haec
1015 2220 1100 2295 durn
1118 2221 1213 2317 lege,
1231 2229 1370 2317 poetam

304 2342 407 2417 illum
417 2355 609 2435 recentem,
625 2345 654 2420 si
671 2347 699 2420 is
718 2345 823 2420 modo
835 2355 936 2443 poeta
949 2343 995 2418 sit
1009 2343 1264 2434 nominanduS,
1283 2341 1370 2416 mihi

303 2464 419 2565 legere
436 2468 565 2560 uideor,
584 2471 664 2567 qui,
682 2469 826 2546 ineunte
846 2479 965 2544 octavo
983 2468 1120 2543 decimo
1136 2467 1286 2558 saeculo,
1305 2467 1368 2542 iio·
1484 2485 1485 2496 ¹

304 2590 393 2683 ruit,
416 2604 452 2668 et
474 2594 553 2690 qui,
572 2594 764 2670 Homerum
789 2617 870 2670 oum
898 2594 1202 2692 interpretaretur,
1230 2593 1368 2669 Graecos

305 2737 428 2789 omnes
441 2739 511 2790 una
526 2717 768 2792 voeesaoiebat
782 2718 992 2793 clamantes:
1013 2716 1134 2804 «Quid
1148 2739 1219 2790 non
1232 2715 1370 2791 vincet?
1484 2707 1485 2796 ἶ

304 2838 538 2938 Semetipsum
552 2841 644 2916 vicit.
661 2868 679 2914 a
696 2840 829 2917 Eodem
847 2865 955 2941 prope
970 2841 1074 2918 modo
1087 2842 1123 2916 in
1141 2842 1273 2916 Seneca
1289 2839 1385 2917 cho?

305 2981 365 3034 rus
384 2960 567 3054 exclamat,
586 2984 668 3037 enm
686 2985 762 3038 esse
780 2985 859 3038 vere
878 2985 1018 3061 regem:
1484 2967 1485 2970 ‘

536 3172 623 3239 Quem
636 3182 691 3226 non
707 3170 820 3228 ambitio
836 3171 986 3244 inpotens,

536 3263 570 3320 Et
581 3276 722 3335 nunquam
737 3263 845 3322 stabilis
859 3263 937 3323 lavor

536 3361 615 3434 Vulgi
629 3364 781 3436 precipias
794 3369 898 3436 mouet,

535 3553 589 3624 Qui
601 3558 660 3612 tuto
675 3555 783 3626 positus
796 3554 873 3626 loco,

535 3647 609 3706 lnlra
623 3664 653 3707 se
669 3651 743 3708 videt
755 3652 862 3708 omnia:

535 3745 716 3817 occurritque
732 3757 783 3804 suo
798 3746 889 3805 libens

535 3839 616 3911 Fato,
630 3851 682 3898 nec
697 3840 822 3911 queritur
834 3837 923 3898 mori²

343 4113 426 4179 'Sem
443 4123 544 4182 Trous.
560 4140 585 4183 v.
599 4129 661 4188 252.-

341 4211 460 4287 'Idem,
482 4216 601 4290 rupert,
622 4235 647 4279 v.
662 4223 724 4278 35⁴.
