3042 5086
646 515 693 588 49

135 655 352 753 principium
382 666 418 731 et
443 658 539 748 finis,
569 682 610 734 ac
642 683 704 757 pro
743 661 852 735 nihilo
883 661 1011 737 habere
1042 675 1204 738 cunctam

134 797 257 874 rerum
277 775 563 851 universitatem?

188 896 278 972 Cum
296 899 407 996 poetis
421 899 538 975 stoicis
558 902 662 999 paulo
681 903 832 979 severius
852 906 1007 1003 proiecto
1027 916 1207 1022 ageretur,

135 1018 227 1093 siah
252 1042 373 1094 eorum
393 1043 606 1122 unoquoque
633 1048 673 1100 ea
698 1026 976 1123 postularentur‚
1004 1051 1083 1126 quae
1100 1031 1203 1128 pauci

135 1141 349 1234 admodum,
368 1144 461 1242 iique
476 1147 686 1243 gravissimi,
700 1148 783 1223 artis
800 1149 976 1247 magistri,
998 1160 1048 1226 tot
1062 1175 1124 1251 per
1141 1176 1207 1228 see-

136 1265 233 1354 cula,
252 1267 495 1343 exhibuerunt.
514 1269 550 1344 Si
567 1271 645 1368 quis
666 1294 745 1347 vero
767 1295 829 1348 seu
846 1271 1055 1370 Virgilianos
1078 1297 1207 1374 expen-

136 1388 227 1462 derit
243 1412 381 1482 versus,
407 1392 534 1489 quibus
551 1404 705 1500 mentem
730 1394 884 1470 celebrat
908 1417 988 1493 quae
1005 1397 1116 1492 euitat
1130 1422 1204 1472 mu-

138 1510 206 1584 tem
222 1521 256 1584 ct
274 1535 397 1608 moeno
414 1503 450 1588 s'c
464 1539 606 1615 corpore
620 1516 739 1591 miscet
750 1519 782 1606 ¹,
801 1539 862 1592 seu
878 1516 983 1592 etiam
999 1517 1206 1597 Manilianas

139 1637 202 1710 hos
219 1623 338 1709 ver'sus
358 1637 563 1728 excusserit,
586 1638 622 1712 in
640 1639 690 1712 eis
709 1637 859 1736 aliquid,
875 1649 913 1713 ut
937 1639 1080 1737 opinor,
1105 1665 1206 1741 repe-

139 1761 219 1853 riet,
250 1761 345 1859 quod
376 1785 442 1836 nec
471 1782 611 1836 summo
641 1766 734 1852 Deo,
768 1783 833 1836 nec
864 1761 1038 1838 immenso
1069 1765 1204 1840 mundo

136 1905 241 1979 quem
259 1883 365 1981 agitat
378 1883 488 1975 Deus,
507 1883 652 1959 omnino
670 1885 714 1959 sit
729 1884 931 1982 indignum:
1042 1941 1053 1962 .

245 2116 252 2130 .
290 2116 297 2130 .
337 2077 464 2132 .Canam
482 2075 564 2132 tacita
579 2079 705 2132 naturam
720 2080 809 2132 mente
824 2079 979 2146 potentem,

241 2168 419 2240 intusumque
433 2172 519 2227 Deum
534 2171 618 2241 coeto,
635 2171 784 2241 terrisque,
801 2170 940 2239 fretoque,

243 2263 383 2332 lugentem
398 2264 496 2333 aequati
511 2263 696 2320 moderantem
711 2262 813 2318 ioedere
827 2261 940 2332 motem;
1010 2329 1011 2334 γ

244 2359 396 2429 Totumque
410 2359 516 2416 alterno
530 2373 670 2416 consensu
684 2359 773 2415 rivere
787 2357 936 2428 mundum,

243 2453 276 2508 Et
288 2452 402 2509 rationis
416 2452 459 2524 agi
472 2457 562 2524 motu3
577 2465 660 2523 quum
675 2451 788 2521 spiritus
803 2463 875 2506 unus

243 2548 294 2603 Per
306 2553 420 2604 cunctas
433 2548 538 2604 habitet
551 2551 656 2618 partes,
670 2551 751 2616 atque
766 2545 860 2628 irriget
876 2543 970 2600 orbem

243 2643 340 2700 Omnia
352 2643 534 2716 penotttans}
550 2656 706 2714 corpusque
720 2642 836 2698 animale
849 2640 946 2712 figuret
955 2638 975 2696 2.

183 2815 262 2890 Non
280 2815 436 2913 loquitur
449 2815 587 2889 sanede
602 2814 672 2888 Deo
684 2813 765 2904 illo,
781 2834 885 2910 super
898 2832 1016 2884 rerum
1036 2819 1199 2883 naturam

132 2939 266 3038 posito,
284 2939 328 3013 ab
346 2938 440 3014 omni
463 2935 616 3012 materiae
635 2935 857 3010 concretione
875 2942 1072 3030 segregato,
1091 2954 1197 3028 quem

132 3058 336 3134 Aristoteles
363 3058 570 3156 cogitatione
601 3057 931 3155 comprehenderat,
960 3053 1064 3127 etad
1093 3076 1196 3148 quem

133 3185 338 3260 universum
354 3185 450 3261 hunc
468 3184 662 3272 mundum,
680 3180 846 3256 ineffabili
862 3178 1013 3276 quadam
1033 3175 1197 3288 cupidine

134 3317 291 3394 motum,
315 3328 421 3379 suum
440 3304 538 3402 quasi
565 3304 607 3377 ad
632 3323 813 3377 summum
839 3299 965 3386 finem,
987 3317 1197 3371 concurrere

134 3426 385 3518 arbitrabatur;
402 3427 461 3502 sed
475 3427 585 3501 Deum
600 3436 717 3500 tamen
730 3421 895 3522 praedicat
908 3442 1037 3508 unrrm,
1052 3417 1198 3492 immen-

134 3571 232 3640 sum,
254 3562 381 3625 cuncta
399 3549 442 3624 ed
466 3549 570 3622 vitam
594 3547 819 3634 excitantem,
845 3555 879 3618 et
899 3562 1057 3641 praeque
1081 3539 1197 3615 omnio

134 3673 290 3748 sabulosa
306 3672 453 3747 numina
467 3671 564 3745 nullo
581 3671 615 3743 in
633 3691 780 3744 numero
794 3676 877 3742 sunt
892 3663 1062 3740 ducenda.

181 3792 311 3867 Versus
340 3799 591 3888 consequentes
623 3789 768 3864 liberius
803 3789 918 3861 forsan
953 3786 1092 3872 ssuunt,
1127 3804 1196 3855 non

135 3910 316 3986 deficiente
331 3911 483 4009 quadam
501 3891 679 4008 majestate
696 3934 703 3980 :

171 4147 177 4184 ¹
193 4148 267 4218 Virg.
282 4117 394 4220 AEncc'm
410 4149 428 4205 i.
444 4147 493 4218 tu,
509 4163 534 4204 v.
550 4150 611 4207 tte.

171 4242 269 4300 eum.
285 4245 375 4315 Asin,
392 4245 413 4300 Ι.
430 4247 465 4316 u,
481 4261 505 4303 v.
522 4249 564 4303 60.

284 4336 305 4386 F
559 4351 561 4356 ,
