3042 5086
455 1099 892 1177 ARGUMENTUM.

190 1373 231 1448 ln
250 1396 289 1449 ea
308 1396 385 1471 quae
403 1373 533 1450 dicitur
550 1377 697 1486 humani
715 1377 854 1474 generis
873 1376 957 1468 vita,
975 1385 1085 1452 certas
1103 1397 1208 1474 quas-

140 1495 223 1572 dam
251 1497 403 1594 reperias
428 1508 564 1590 aetates‚
592 1499 720 1597 quihus
747 1499 907 1576 homines
935 1498 1093 1598 plerique
1120 1497 1208 1574 nihil

142 1642 206 1717 pro
225 1631 318 1696 certo
337 1622 490 1698 habeant
507 1623 601 1720 quod
624 1647 694 1700 non
718 1624 872 1700 studiose
896 1624 1209 1712 consideraverint,

144 1753 178 1816 et
195 1739 289 1818 velas
306 1767 425 1818 rerum
441 1745 602 1820 omniurn
620 1769 743 1824 causes
760 1769 970 1845 cognoscere
989 1769 1128 1822 summa
1144 1769 1210 1846 ope

143 1864 310 1940 nitantur.
324 1865 443 1956 Tunc,
459 1868 596 1944 cunctis
613 1881 747 1944 naturae
761 1865 899 1946 arcanis
917 1869 1102 1966 diligenter
1115 1869 1212 1944 inda·

142 1985 250 2080 gatis
273 2009 315 2061 ac
339 1987 524 2086 prodigiis,
548 2011 625 2086 quae
648 1990 795 2065 tinxerat
811 1989 1005 2086 mirataque
1028 1989 1141 2063 luerat
1157 2011 1213 2062 ve-

146 2117 273 2198 tustas,
293 2119 455 2184 accurate
480 2110 680 2208 exploratis,
707 2135 927 2210 quaecunque
949 2114 1040 2188 frunt
1062 2113 1098 2185 in
1125 2111 1213 2186 coelo

145 2229 232 2302 etin
255 2240 365 2321 terra,
392 2254 432 2307 ea
455 2231 610 2308 immotis
628 2233 694 2308 sub
716 2234 852 2330 legibus
870 2235 997 2323 teneri,
1022 2255 1163 2329 unoque
1181 2243 1215 2307 et

146 2351 271 2426 eodem
286 2362 399 2428 tractu
417 2355 606 2451 procedere
624 2354 835 2452 intelligunt.
851 2355 1039 2430 Innumera
1055 2353 1214 2441 numina,

146 2501 225 2573 quae
236 2477 370 2576 priores
384 2480 670 2576 excogitaverant,
682 2479 1017 2578 etquorumcuique
1030 2479 1215 2578 proprium

146 2622 279 2675 munus
294 2602 543 2699 propriamque
559 2602 679 2677 sedem
700 2602 909 2692 tribuerant,
928 2625 979 2692 ea,
999 2612 1037 2676 ut
1052 2601 1149 2690 solis,
1165 2601 1216 2675 sic

146 2720 293 2795 rationis
308 2720 543 2799 dilucescente
556 2722 706 2820 fulgore,
721 2724 903 2800 fallacibus
916 2723 1042 2799 similia
1054 2723 1215 2812 somniis,

148 2855 382 2934 evanescunt,
405 2867 467 2936 ac,
491 2846 748 2943 perimmensa
777 2846 856 2922 coeli
882 2847 1009 2945 spatia,
1032 2870 1050 2921 a
1074 2858 1124 2922 tot
1151 2846 1217 2921 diis

150 2965 330 3062 quondam
350 2966 541 3058 celebrata,
562 2993 653 3044 unus
672 2971 857 3067 quaeritur,
875 2994 941 3046 nec
963 2993 1102 3069 semper
1118 2993 1217 3068 repe-

151 3092 241 3166 ritur
259 3091 381 3168 deus¹.
402 3092 588 3183 Praeterea‚
605 3093 691 3168 dum
707 3095 749 3168 de
768 3095 858 3170 civili
878 3095 1129 3170 communitate
1147 3094 1219 3169 dis-

151 3223 290 3303 serunt,
310 3213 395 3287 dum
410 3214 508 3312 jura,
526 3214 654 3311 quihus
674 3216 762 3290 inter
778 3239 814 3290 se
831 3216 1094 3312 conjunguntur
1112 3216 1218 3304 cives,

152 3337 188 3410 in
208 3336 498 3435 disceptationem
516 3349 658 3427 vocant,
685 3338 770 3412 dum
789 3337 942 3412 humana
963 3361 1032 3412 non
1052 3361 1152 3413 secus
1179 3361 1220 3414 ac

154 3459 269 3535 divina
288 3459 409 3536 secum
428 3460 585 3551 volvunt,
604 3471 643 3536 ut
664 3460 779 3538 nullos
803 3461 901 3552 deos,
925 3461 975 3537 sic
993 3460 1108 3536 nullos
1126 3462 1221 3560 prin-

157 3582 271 3680 cipes
290 3581 357 3656 nisi
376 3604 463 3679 quos
479 3583 566 3658 sorte
581 3583 725 3659 rationis
745 3584 932 3659 sacraverit
949 3583 1153 3674 auctoritas,
1172 3583 1222 3658 le·
1260 3675 1262 3681 Ι

155 3700 297 3797 gitimos
312 3700 519 3777 existimant.
539 3701 628 3788 Quid
643 3702 771 3801 plura?
788 3703 849 3778 llle
867 3705 1026 3779 omnium
1045 3704 1222 3779 abstruse·

160 3844 240 3898 rum
277 3847 317 3899 ac
348 3823 609 3912 reconditarum
641 3849 760 3902 rerum
793 3826 1028 3923 indagatrice,
1062 3826 1221 3901 omnium

194 4143 203 4184 ¹
221 4144 277 4201 ote
297 4143 402 4203 silence
420 4144 525 4204 eternel
542 4145 577 4204 de
594 4160 643 4205 ces
667 4159 785 4219 espaces
802 4145 894 4205 induis
916 4144 1076 4206 manarat
1100 4143 1222 4220 (Pascal,

160 4239 288 4309 penaeas,
302 4237 368 4296 edit.
382 4239 487 4312 flavet,
499 4253 526 4311 p.
539 4241 615 4312 sto.)

303 4355 334 4410 F·
1066 4339 1078 4384 l
