3042 5086
277 643 330 706 tos
346 633 478 708 iaciunt
501 645 535 707 et
555 645 703 710 movent.
723 635 780 709 Sic
800 636 938 709 Marcus
956 632 1092 708 Tullius
1115 653 1187 705 non
1206 631 1283 727 ipse
1308 629 1353 702 de

278 755 538 830 immortalitate
557 758 757 832 animorum
773 757 928 847 disserit,
945 757 1006 830 sed
1021 755 1191 829 Catonem
1210 751 1354 825 inducit

277 875 456 949 haedere
475 876 731 974 disputantem,
750 888 1019 974 sperantemque
1042 876 1173 950 soreut
1187 873 1352 946 Marcum

176 981 181 996 ¹
276 999 389 1074 tilium
409 1009 488 1097 post
505 1012 654 1074 mortem
670 1000 797 1088 videat,
816 1013 849 1074 et
869 1023 933 1074 nos
951 999 1031 1074 talia
1049 998 1216 1096 fingendo
1234 994 1352 1069 multo

163 1107 168 1120 ⁸
275 1121 401 1196 melius
431 1131 604 1213 moratur3
637 1122 687 1196 sic
717 1122 861 1196 illustris
889 1132 1008 1221 poeta,
1038 1119 1183 1217 aequalis
1210 1128 1352 1206 noster,

275 1245 398 1319 eadem
415 1245 574 1323 instituta
589 1246 796 1342 quaestione,
811 1269 887 1320 rem
906 1245 1065 1320 tristibus
1087 1253 1232 1320 exornat
1244 1242 1353 1316 versi·

277 1364 360 1454 bus,
376 1365 462 1439 dum
476 1374 674 1453 amantem,
690 1365 847 1439 crinibus
860 1366 988 1464 passis,
1003 1364 1176 1463 depingit,
1195 1363 1233 1436 in
1252 1382 1352 1436 mor·

277 1487 329 1560 tui
345 1487 435 1560 lecto
454 1486 642 1576 reclinem,
661 1498 721 1561 aut
738 1487 826 1561 sacri
844 1487 922 1561 aeris
945 1486 1088 1584 lugubri
1109 1508 1197 1560 sono
1216 1485 1350 1559 attoni-

278 1618 330 1682 tas
349 1629 450 1681 aures
469 1608 585 1705 pulsat
599 1610 622 1678 ¹.
738 1663 742 1673 Α

325 1727 516 1824 Propositae
544 1725 727 1823 quaestioni
756 1726 845 1802 mira
872 1727 1026 1826 quadam
1055 1751 1138 1804 cum
1165 1729 1351 1828 majestate

279 1852 531 1949 respondetur:

383 2020 519 2091 Quidquid
537 2019 579 2075 sol
594 2019 700 2089 oriens,
713 2019 846 2091 quidquid
860 2026 888 2079 et
901 2022 1033 2079 occidens

383 2115 478 2187 Novit,
493 2114 622 2171 coeruieis
637 2115 764 2171 Oceanus
776 2113 854 2172 iretis

383 2213 522 2285 Quidquid
535 2213 577 2269 ret
592 2213 722 2284 veniens,
737 2215 780 2271 vet
794 2213 904 2286 fugiens
917 2215 1003 2284 lavat,

382 2308 459 2364 AEtas
473 2309 592 2376 Pegaseo
605 2307 735 2378 corripiet
747 2307 842 2378 gradu.
861 2301 863 2308 '

327 2453 393 2526 llic
409 2452 512 2526 velim
530 2463 668 2550 poetam
691 2475 709 2526 e
736 2453 879 2544 tabulis,
906 2478 994 2552 quas
1022 2457 1150 2554 carpit,
1176 2455 1268 2530 nihil
1288 2456 1351 2531 de-

279 2573 488 2670 sumpsisse3
507 2574 567 2647 sed
583 2584 711 2669 quanta
725 2574 900 2650 celeritate
917 2576 1124 2668 verborum,
1139 2599 1248 2676 quam
1265 2601 1350 2653 con-

279 2699 383 2772 citato
401 2697 539 2772 dicendi
567 2699 699 2794 impetu
725 2698 887 2795 rapidum
915 2701 1080 2776 humanae
1098 2703 1176 2777 ritae
1197 2727 1348 2779 cursum

278 2819 314 2892 in
341 2817 382 2890 iis
410 2841 489 2914 quae
516 2827 683 2916 praetereo
710 2819 856 2893 effinxit!
885 2821 931 2896 Ut
955 2824 1076 2900 sumus
1094 2826 1288 2916 evanescit,
1310 2838 1350 2901 ut

279 2942 450 3040 disjicitur
468 2942 597 3031 nubem

382 3112 427 3171 Sic
441 3113 499 3183 hie,
513 3113 715 3185 quercetum,
730 3115 843 3186 spiritus
857 3117 959 3174 eitluet.

383 3207 448 3262 Post
462 3211 576 3264 mortem
590 3206 656 3261 nihil
670 3209 728 3276 est,
741 3208 854 3278 ipsaque
867 3222 942 3265 mors
956 3210 1032 3268 nihil.

385 3396 464 3464 Spem
478 3404 582 3467 ponant
594 3396 677 3467 avidi3
691 3396 817 3469 solliciti,
833 3406 944 3458 metum.

420 3633 428 3671 ¹
446 3632 517 3702 Qu’il
532 3647 564 3689 ne
578 3635 671 3704 puisse
684 3637 718 3693 de
732 3637 787 3693 loin
800 3641 932 3697 entendre
946 3656 1012 3698 sans
1025 3644 1119 3702 iremir

420 3731 455 3786 Le
469 3730 547 3785 triste
560 3731 643 3787 chant
655 3733 704 3788 des
717 3739 803 3791 morts
815 3741 875 3793 tout
888 3737 949 3808 pret
961 3742 977 3795 a
990 3744 1120 3814 retentir,

420 3823 470 3878 Les
484 3822 592 3891 soupirs
606 3823 721 3882 ttouties
736 3828 818 3885 d'une
831 3836 938 3888 amante
950 3847 986 3891 ou
998 3835 1064 3892 d’un
1077 3836 1164 3911 frere,
1266 3907 1269 3915 ¹

419 3914 578 3984 suspendas
593 3932 642 3974 sur
654 3921 694 3976 les
710 3922 794 3980 bords
807 3924 840 3981 de
854 3938 904 3982 son
918 3927 951 3985 lit
964 3928 1117 4004 iuneraire,

417 4014 459 4067 Oti
473 4012 579 4071 l'airain
591 4018 741 4088 gemissant
754 4022 820 4079 dont
834 4024 874 4080 les
886 4039 953 4082 sons
966 4028 1085 4098 eperdus

418 4105 580 4165 Annoncent
595 4123 647 4168 aux
659 4113 771 4168 mortels
782 4115 865 4183 qu'un
879 4119 1060 4178 malheureux
1074 4125 1148 4181 n'est
1160 4127 1239 4199 plosl

978 4219 1146 4280 Liuinrnrn.
1162 4211 1261 4284 Me'dit.
1277 4229 1309 4286 V.
