3042 5086
796 518 844 592 40

277 667 431 742 buerunt
448 665 602 764 porticus
625 640 770 756 scholae,
788 665 882 763 quod
909 665 1024 739 divino
1051 665 1109 740 illo
1136 666 1256 741 lurore
1287 665 1358 740 ali-

279 789 419 887 quando
434 787 540 863 alssati
557 790 715 877 suerunt,
738 789 812 864 sine
835 811 903 886 quo
923 788 1142 862 Democritus
1164 801 1199 863 et
1221 789 1355 862 Plato¹

280 909 406 983 nolunt
422 931 636 1005 quemquam
660 931 734 983 esse
751 921 883 998 vatem,
903 921 937 983 ct
954 933 1023 1007 quo
1047 909 1131 983 olim
1158 909 1360 984 instinctus

282 1025 465 1107 Cornelius
483 1042 602 1106 noster
619 1033 655 1106 in
674 1055 779 1107 scena
797 1043 871 1108 crat
888 1043 1108 1128 regnaturus.

696 1496 843 1571 CAPUT
869 1495 925 1572 vl.

329 1663 468 1728 Quadra
486 1663 613 1718 FUERIT
631 1643 763 1718 srolcdo
780 1664 987 1718 DISCIPLINAE
1006 1662 1236 1717 PRAESTANTIA
1258 1664 1304 1716 ET

686 1786 944 1840 PULCHRITUDO.

329 2003 444 2078 Stoica
476 2003 678 2103 disciplina,
707 2005 847 2103 qualem
878 2029 955 2080 eam
990 2006 1026 2079 in
1055 2003 1356 2102 philosophorum

191 2159 193 2164 ·
280 2127 419 2226 scriptis
437 2128 635 2202 invenimus
654 2130 879 2227 explicatam,
898 2129 987 2204 nihil
1004 2130 1075 2204 lere
1095 2128 1281 2227 pulchrius
1301 2127 1356 2200 vi-

281 2248 385 2324 detur
403 2272 444 2324 ao
461 2251 695 2348 praestantius

328 2371 436 2448 Stoici
455 2373 674 2447 contendunt
691 2395 745 2446 res
764 2394 904 2461 omnes,
923 2393 1001 2468 quae
1026 2380 1106 2446 ante
1130 2371 1251 2445 oculos
1270 2395 1351 2446 ver-

281 2507 419 2585 santur,
446 2497 538 2570 inter
567 2520 603 2572 se
636 2498 810 2573 cohaerere
839 2511 872 2571 et
903 2497 1116 2585 coalescere,
1145 2519 1286 2594 unoque
1317 2508 1354 2571 et

281 2620 406 2694 eodem
420 2621 550 2695 moveri
567 2634 601 2695 ct
615 2621 689 2716 regi
702 2621 845 2719 spiritu,
860 2620 991 2695 nedum
1006 2619 1082 2695 aliae
1095 2620 1138 2695 ab
1151 2619 1226 2694 aliis
1239 2621 1352 2694 exsis-

280 2753 356 2815 tant
373 2743 558 2839 sejunctae,
577 2741 833 2839 animabusque
858 2754 1017 2832 careant3
1043 2743 1091 2816 ita
1115 2754 1155 2818 ut
1177 2752 1247 2817 tota
1272 2743 1352 2817 haec

281 2887 401 2940 rerum
419 2877 544 2939 natura
572 2865 786 2940 immensum
805 2865 983 2962 quoddam
1002 2865 1124 2941 haberi
1143 2879 1247 2964 queat
1272 2867 1353 2940 ani-

282 2989 370 3078 mal,
389 2990 489 3087 cujus
509 3011 637 3088 corpus
656 2989 700 3063 sit
722 2990 894 3078 mundus,
922 3013 1022 3065 mens
1037 3001 1155 3066 autem
1172 2990 1277 3065 Deus.
1296 2993 1349 3066 Ex

282 3111 346 3186 hac
362 3112 461 3208 quasi
480 3114 639 3187 universa
660 3136 778 3188 rerum
792 3123 909 3187 mente
927 3112 1095 3187 delibatas
1113 3135 1188 3188 esse
1204 3122 1347 3210 putant,

282 3257 352 3308 nou
368 3235 482 3309 solum
497 3236 683 3310 hominum
702 3235 971 3332 belluarumque
989 3235 1142 3323 animas,
1160 3236 1219 3309 scd
1239 3235 1346 3310 etiam

280 3360 366 3432 vitas
393 3360 579 3448 arborum,
606 3371 640 3434 et
666 3383 744 3456 quae
771 3361 925 3456 corporis
954 3357 1141 3457 cujuslibet
1166 3369 1281 3456 partes
1308 3360 1345 3432 in

282 3502 392 3553 linum
412 3480 591 3575 colligunt.
612 3480 669 3554 Sic
688 3481 825 3569 omnia,
839 3481 956 3555 stoicis
973 3481 1193 3570 suetonium,
1212 3481 1256 3555 ab
1275 3503 1346 3554 una

279 3599 470 3694 eademque
488 3598 601 3672 divina
626 3600 854 3695 intelligentia
872 3614 947 3674 orta
972 3611 1007 3675 et
1025 3602 1194 3698 prolecta,
1212 3603 1344 3676 mirum

282 3723 318 3796 in
338 3722 484 3796 modum
510 3723 602 3796 inter
629 3747 665 3797 se
691 3725 931 3815 consentiunt,
949 3735 983 3798 et
1009 3725 1288 3822 pulcherrimum
1312 3735 1348 3798 et

282 3844 607 3940 praestantissimum
625 3846 783 3919 efficiunt
796 3869 894 3942 opus.
910 3847 999 3932 Quid
1016 3848 1108 3922 enim
1125 3849 1345 3944 praestantius

282 3963 387 4036 etad
420 3964 608 4038 movendos
639 3965 823 4039 hominum
855 3966 990 4039 animos
1023 3967 1133 4062 magis
1160 3967 1346 4055 idoneum,

318 4227 326 4263 ¹
342 4228 399 4283 Cic.
420 4231 568 4296 onorat,
587 4228 604 4284 l.
619 4230 656 4300 ll,
671 4243 694 4284 c.
709 4232 751 4285 46.
771 4229 863 4284 Horat.
878 4231 929 4300 Ep.
945 4229 990 4284 od
1002 4232 1067 4297 Pto,
1082 4242 1106 4284 v.
1121 4231 1183 4286 295.
