3002 5084
702 915 848 990 CAPUT
872 914 992 990 XVIII.
1043 1013 1047 1022 .

531 1093 577 1152 un
595 1095 730 1154 sunem
749 1096 949 1154 suomonuu
965 1095 1158 1153 arsurum.

360 1321 509 1398 Haeresis
521 1323 737 1415 stoicorum,
756 1346 827 1400 non
844 1325 958 1400 solum
978 1334 1137 1424 poemata
1164 1346 1242 1421 quae
1257 1323 1300 1398 ad
1321 1323 1384 1397 do·

314 1446 460 1536 candos,
479 1446 539 1522 sed
558 1446 661 1522 etiam
682 1471 760 1546 quae
779 1448 820 1523 ad
847 1448 1069 1525 delectandos
1093 1448 1253 1524 homines
1278 1469 1383 1545 spac-

314 1578 404 1659 tant,
422 1580 678 1668 praeceptorum
706 1571 884 1670 impressit
900 1570 1068 1668 vestigiis;
1096 1572 1225 1669 quippe
1248 1581 1380 1667 quaeat

312 1693 347 1767 in
367 1694 493 1768 sabulis
513 1693 555 1768 ad
584 1718 725 1770 scenam
745 1697 947 1796 compositis
965 1706 1000 1771 et
1018 1696 1054 1770 in
1081 1695 1230 1771 heroicis
1249 1698 1377 1772 carmi-

313 1813 415 1888 nibus
433 1836 532 1911 aequa
551 1826 728 1914 apparent.
748 1817 816 1892 Sed
835 1818 922 1892 tanti
939 1840 1010 1892 non
1033 1828 1085 1892 est
1106 1818 1290 1916 utriusque
1315 1843 1376 1914 ge-

313 1942 405 2014 nerIs
439 1949 559 2038 poetas
592 1939 748 2036 singulos
783 1941 931 2017 dicendo
966 1942 1152 2042 persequi,
1186 1952 1221 2017 et
1254 1965 1377 2018 omnes

311 2064 501 2138 versiculos
531 2064 714 2140 Particum
746 2065 960 2156 redolentes,
987 2067 1224 2141 analectorum
1254 2065 1376 2156 modo,
1488 2093 1489 2128 1

312 2185 474 2283 coIIIgere
494 2209 534 2260 ac
553 2187 712 2262 conferre
736 2191 772 2261 in
799 2211 922 2261 unum.
948 2188 1087 2285 Itaque,
1111 2211 1223 2287 pauca
1241 2188 1285 2264 de
1302 2189 1375 2262 Pu-

312 2305 383 2381 blio
402 2305 487 2404 Syro
506 2307 661 2398 IocutuS,
678 2307 712 2381 in
728 2308 858 2383 Seneca
876 2319 909 2382 et
926 2309 1087 2398 Lucano,
1107 2320 1279 2405 quatenus
1298 2309 1375 2383 stoi·
1441 2363 1446 2374 .

312 2429 542 2520 cissaverunt,
555 2431 795 2505 examinandis
808 2441 843 2505 et
854 2430 1086 2521 aestimandis,
1101 2453 1222 2506 curam
1234 2453 1373 2507 omnem

312 2551 515 2652 impendere
530 2554 617 2629 volo.
706 2539 711 2554 ’

359 2674 544 2763 Versibus,
577 2676 638 2771 qui
668 2675 769 2770 vulgo
799 2674 839 2748 P.
873 2674 956 2772 Syro
988 2675 1226 2770 asSIgnantur,
1256 2673 1373 2748 multae
1488 2677 1489 2680 ’

311 2797 479 2895 subjectae
510 2807 592 2871 sunt
624 2796 820 2886 sententiae,
853 2820 931 2892 quae
960 2820 1001 2872 ex
1031 2797 1217 2872 hominum
1246 2796 1314 2870 vita
1343 2807 1375 2869 et

311 2917 492 2991 communi
511 2915 664 3013 quodam
680 2937 719 2988 ex
740 2938 808 2989 usu
828 2915 1022 3014 desumptae
1039 2916 1219 3007 ridentur,
1238 2926 1272 2990 et
1290 2939 1393 3014 quas‘

310 3039 484 3136 insignitis
502 3037 714 3136 quibusdam
733 3038 847 3112 verbis
874 3039 989 3112 solum
1006 3038 1160 3113 distinxit
1175 3037 1291 3137 poeta
1306 3039 1374 3112 Has

294 3172 428 3270 vtamen
447 3162 551 3236 credo
567 3161 610 3235 ad
625 3161 817 3272 stoicorum
833 3160 996 3257 dogmata
1020 3172 1054 3236 at
1074 3160 1231 3236 instituta
1250 3159 1371 3236 simili-

310 3284 432 3359 tudine
447 3285 591 3384 propius
608 3283 791 3359 accedere:

417 3495 465 3550 Est
480 3493 560 3550 turba
575 3507 682 3565 semper
695 3499 885 3566 argumentum
897 3484 1019 3567 pessimi.

415 3588 542 3648 Nondum
556 3589 621 3646 felix
636 3604 681 3658 es,
697 3591 721 3646 si
736 3591 855 3647 nondum
871 3591 951 3647 turba
966 3595 992 3647 te
1006 3591 1144 3647 deriserit.

413 3683 473 3742 Nisi
486 3698 536 3754 per
549 3690 575 3741 tc
593 3685 699 3755 sapias,
712 3684 815 3741 frustra
830 3685 980 3756 sapientem
994 3686 1098 3743 audias.

361 3867 494 3954 Quibus
510 3866 545 3940 in
563 3866 718 3942 versibus
737 3867 817 3941 licet
835 3889 1022 3963 agnoscere
1048 3867 1200 3962 signatas
1220 3866 1374 3967 philoso-

313 3992 465 4090 phorum
480 4000 595 4080 notaS,
613 3990 674 4086 qui
700 4012 837 4088 semper
860 3991 984 4086 vulgus
1004 3989 1205 4064 lacessivcre
1226 3999 1260 4063 et
1278 3989 1374 4087 quasi

313 4112 347 4184 in
369 4121 542 4182 certamen
563 4111 757 4196 imitavere,
776 4111 907 4183 nedum
926 4109 1019 4183 iilius
1035 4110 1232 4184 auctoritati
1249 4132 1284 4184 se
1304 4122 1375 4183 tur·

314 4231 402 4328 pitor
420 4229 641 4324 subjicerent.
663 4231 790 4301 Seneca
820 4231 913 4302 eninr
943 4232 1025 4319 hoc,
1046 4241 1125 4303 aute
1149 4231 1285 4318 omnia,
1305 4230 1373 4302 Lu·
