3042 5086
840 487 887 560 50

441 634 519 702 Quod
534 634 587 690 nisi
601 633 726 705 cognatis
740 633 870 690 memhris
885 635 1013 690 contexta
1026 633 1150 686 maneret

438 729 579 798 Machina,
594 733 622 786 ct
635 730 763 801 imposito
776 733 884 800 pareret
896 732 953 784 tota
965 726 1110 798 magistro,

438 826 476 882 Ac
489 829 595 881 tantum
608 825 701 882 mundi
715 828 824 896 regeret
835 823 981 896 prudentia
993 834 1120 890 censum,

438 1011 498 1068 Non
512 1009 614 1067 imbres
628 1009 734 1066 alerent
746 1013 846 1078 terras,
861 1021 915 1065 non
929 1008 1030 1065 aethera
1042 1007 1130 1080 venti,

437 1102 494 1159 Nec
508 1107 610 1172 pontus
622 1102 749 1174 grauidas
763 1101 866 1171 nubes,
881 1116 933 1158 nec
946 1101 1057 1157 humina
1069 1103 1199 1170 pontum,

436 1199 493 1257 Nec
506 1200 622 1271 pelagus
637 1199 745 1258 sontes:
761 1214 813 1256 nco
827 1203 913 1256 staret
926 1212 1031 1256 summa
1043 1211 1093 1267 per
1105 1209 1200 1253 omnes

435 1292 488 1348 Par
500 1306 609 1365 semper
620 1299 714 1364 partes
725 1306 805 1365 aequo
822 1292 928 1364 digesta
942 1295 1063 1363 parente.

436 1485 530 1542 hictus
544 1485 607 1555 alit,
620 1498 674 1541 non
692 1490 779 1542 mutat
792 1498 879 1556 opus:
894 1485 935 1541 sic
950 1485 1040 1540 omnia
1053 1487 1111 1540 toto

436 1581 599 1653 Dispensata
612 1588 724 1641 manent
736 1584 854 1656 mundo,
868 1583 1063 1652 dominumque
1076 1583 1230 1652 sequuntur
1239 1577 1259 1634 ¹.

380 1755 473 1831 Raro
498 1758 591 1834 Deus
617 1760 691 1852 ille,
722 1761 783 1858 qui
812 1762 930 1836 omnia
959 1757 1205 1858 complectitur
1230 1755 1399 1852 idemque

333 1874 445 1972 gignit
458 1887 493 1950 et
506 1888 691 1978 temperat,
711 1903 838 1978 parens
856 1880 962 1955 simul
978 1891 1012 1954 et
1033 1889 1147 1954 rector
1161 1877 1306 1964 mundi,
1325 1885 1397 1950 tam

332 2001 524 2100 splendidis
542 2003 700 2102 depictus
717 2007 782 2079 luit
799 2006 986 2080 coloribus.
1006 2004 1269 2079 illustrissimus
1288 2002 1398 2099 hujus

332 2132 459 2197 nostrae
480 2126 591 2200 aetatis
621 2136 714 2202 vates
742 2129 834 2201 hanc
860 2127 1084 2201 Manilianam
1110 2123 1398 2224 amplitudinem,

332 2269 389 2322 me
404 2250 545 2345 quidem
560 2252 699 2350 judice,
716 2275 938 2351 nequaquam
952 2262 1161 2327 consecutus
1175 2261 1245 2339 est,
1262 2249 1398 2324 inscius

333 2369 424 2444 circa
445 2394 568 2447 sensus
592 2374 733 2449 eosdem
757 2398 839 2450 cum
858 2375 917 2448 illo
942 2374 1137 2448 aemulatus.
1162 2371 1273 2444 Deum
1302 2368 1396 2444 enim

333 2516 429 2566 nunc
444 2496 603 2570 nominat
616 2498 691 2572 sine
706 2499 806 2573 litore
819 2499 1016 2588 Oceanum;
1035 2518 1130 2570 nunc
1145 2495 1262 2569 locum
1278 2517 1299 2568 e
1315 2514 1396 2591 quc,

333 2632 403 2684 non
417 2634 518 2689 secus
531 2637 572 2689 ac
587 2616 756 2704 scintilla,
773 2639 993 2714 unaquaeque
1007 2615 1134 2690 emicat
1147 2613 1283 2704 anima3
1300 2632 1396 2685 nunc

333 2733 463 2806 molem
478 2737 668 2831 quamdam
684 2739 785 2836 cujus
804 2741 870 2815 vita
888 2739 1003 2814 omnis
1021 2738 1114 2813 velut
1137 2735 1307 2835 particula
1327 2745 1395 2821 est,

335 2874 486 2948 eumque
509 2853 593 2928 dicit
615 2856 825 2932 immensam
851 2857 1119 2954 universamque
1139 2855 1249 2930 vivere
1270 2854 1396 2940 vitam,

335 2996 453 3048 rerum
470 2987 593 3052 natura
607 2979 762 3078 priorem
776 2979 881 3054 simul
899 2990 933 3053 et
950 2979 1177 3077 posteriorem
1189 2980 1213 3049 ².

384 3092 562 3178 Quantum
585 3097 708 3172 Gallici
731 3110 841 3198 poetae
866 3120 1001 3188 versuo,
1023 3096 1136 3171 verbis
1160 3106 1195 3170 et
1215 3095 1395 3172 sententiis

334 3237 462 3312 parum
477 3218 706 3308 cohaerentes,
723 3243 833 3317 quum
848 3221 932 3311 illis,
950 3230 1026 3295 tum
1042 3219 1096 3294 his
1112 3240 1251 3316 quoque
1264 3213 1395 3292 Manilii

370 3525 378 3561 ¹
396 3525 488 3598 ruem,
503 3542 528 3584 v.
544 3531 587 3586 cr.

374 3619 484 3695 2hieu,
500 3626 584 3695 Dieu,
597 3627 681 3696 Dieu,
697 3641 755 3684 mer
769 3643 833 3684 sans
846 3627 943 3699 hords,
960 3629 1006 3699 qui
1020 3629 1144 3686 contient
1159 3632 1266 3685 touton
1279 3627 1346 3698 elle,

374 3716 461 3786 Foyer
474 3717 541 3774 dont
557 3719 664 3788 chaque
677 3720 720 3774 vic
733 3724 775 3776 est
786 3720 812 3775 la
826 3721 887 3790 pale
899 3720 1040 3791 etincelle,

370 3807 434 3865 Bloc
448 3809 515 3866 dont
529 3809 634 3880 chaque
647 3812 785 3868 existence
799 3816 906 3868 estune
919 3811 1174 3884 humbleparcclle,

581 3907 652 3975 Qu'il
667 3910 726 3966 vive
743 3923 773 3965 sa
786 3909 829 3965 vie
841 3909 986 3980 eternelle,

583 4003 737 4074 conplete,
753 4003 899 4075 immense,
917 4005 1092 4076 universalia,

578 4097 665 4155 trent
677 4098 704 4154 la
717 4102 827 4171 nature,
842 4101 924 4172 apres
936 4100 1029 4156 elle...

893 4194 1050 4250 ticinum
1066 4191 1166 4262 (Ghute
1180 4192 1249 4248 d'ccn
1263 4191 1359 4264 anpe).
