3002 5084
648 483 694 556 83

214 673 217 682 .
243 675 248 688 .
272 673 278 686 .
297 630 368 699 Quid
381 630 417 687 sit
430 629 589 700 pulchrum,
603 631 669 701 ordd
683 639 778 702 turpe,
792 631 858 702 quid
873 630 953 700 utile,
970 630 1035 700 ound
1048 643 1118 701 non,

212 722 324 780 Planius
337 735 369 778 aa
382 720 481 778 melius
495 721 645 793 chrysippo
662 727 689 779 et
701 723 832 779 Crantore
847 721 922 778 dicit.

189 902 383 992 Caeterum,
401 902 489 976 mihi
509 901 732 977 Lucilianum
750 902 847 977 hune
864 921 1003 976 versum
1020 899 1170 998 legenti:

214 1103 309 1162 virtus
323 1107 367 1160 ost
379 1102 498 1174 nomini,
511 1102 584 1160 seire
600 1102 640 1173 id,
653 1101 727 1173 quod
741 1099 1037 1174 quaerendumne,
1054 1117 1060 1130 ·

143 1283 313 1360 continuo
338 1284 456 1358 omnia
475 1285 620 1361 veniunt
635 1285 673 1360 in
697 1295 871 1375 mentem,
889 1306 968 1382 quaa
984 1306 1048 1383 pro
1065 1281 1210 1359 scientia

141 1416 177 1481 et
191 1416 314 1480 eontra
330 1406 532 1505 opinionem
552 1408 652 1482 stoici
668 1408 843 1499 dixerunt,
865 1418 901 1483 et
924 1406 1119 1507 praesertim
1136 1407 1211 1483 haee

142 1527 269 1603 eximia
297 1528 438 1605 Senecae
466 1530 587 1606 verba:
614 1531 744 1617 «Quod
770 1530 864 1606 vides
890 1532 1048 1607 accidere
1076 1531 1213 1630 pueris,

145 1652 210 1727 hoo
237 1651 341 1727 nobis
368 1677 507 1752 quoqne
532 1656 736 1754 majusculis
755 1656 873 1755 pueris
891 1658 1021 1750 evenit3
1048 1657 1099 1731 illi
1126 1679 1214 1755 quos

144 1786 280 1866 arnaud,
309 1777 437 1873 quibus
470 1791 711 1869 assueverunt,
745 1803 827 1854 oum
857 1779 986 1877 quibus
1013 1779 1156 1868 ludunt,
1183 1777 1213 1854 si

143 1907 350 1995 personatos
375 1896 507 1988 vident,
536 1910 787 1996 expavescunt:
815 1921 886 1974 non
912 1897 1213 1973 hominibusdan-

143 2027 243 2104 tum,
262 2014 376 2090 sedet
398 2015 504 2090 rebus
522 2038 670 2114 persona
693 2017 865 2094 demenda
884 2028 954 2108 est,
979 2029 1013 2091 en
1037 2014 1215 2091 reddenda

145 2137 252 2212 facies
271 2140 403 2212 sua¹.u

196 2261 265 2336 Sed
280 2261 461 2336 videamus
478 2261 630 2359 reliqua:

204 2471 312 2543 Virtus,
327 2472 480 2544 quaerendae
493 2474 533 2530 rei
546 2473 627 2530 finem
642 2471 714 2530 scire
728 2469 908 2544 modumque:

203 2663 316 2720 Hostem
330 2675 393 2720 esse
408 2666 489 2734 atque
504 2662 643 2720 inimicum
657 2663 797 2721 hominurn
811 2675 972 2734 morumque
986 2663 1133 2736 malorum3

203 2756 305 2813 Contra
318 2755 490 2812 defensorem
505 2756 646 2813 hominurn
658 2769 819 2828 morumque
831 2755 980 2828 honorum,

203 2851 379 2922 Magnidoare
392 2851 457 2922 hos,
475 2851 517 2908 his
530 2851 601 2908 bene
616 2852 702 2923 uelle,
717 2851 761 2909 his
773 2851 863 2909 vivere
877 2852 1011 2908 amicum:

204 2946 352 3002 Commoda
366 2950 498 3016 preterea
511 2947 606 3017 patriae
621 2946 673 3004 sibi
689 2948 775 3018 prima
789 2951 899 3018 putare,

204 3038 308 3096 Deinde
322 3043 483 3111 parentum,
495 3039 640 3109 tertianam
654 3043 847 3111 postremaque
862 3042 965 3095 nostra.

203 3218 269 3293 Hio
288 3217 431 3292 forsitan
451 3217 610 3315 quaedam
640 3215 879 3314 deprehendas
906 3236 984 3311 quae
1008 3225 1147 3312 poetam
1164 3238 1221 3290 ar·

155 3350 270 3437 gnunt
288 3362 353 3415 nec
371 3352 476 3437 capud
500 3338 606 3436 (quod
631 3337 705 3412 vult
721 3337 900 3434 Horatius)
918 3336 1136 3428 scabentenn,
1156 3360 1221 3413 nnec

157 3463 247 3536 vivos
264 3485 400 3559 ungues
420 3462 620 3537 rodentem:
640 3459 742 3535 verba
762 3459 839 3534 dieo
859 3459 981 3534 eadem
999 3460 1224 3555 geminasset

158 3604 278 3656 versus
293 3581 416 3656 eodem
431 3581 536 3654 modo
551 3580 731 3669 uadentes,
747 3591 850 3675 atque
865 3578 929 3653 alia
945 3601 1022 3674 quaa
1036 3591 1119 3653 sunt
1131 3588 1223 3654 certe

160 3707 314 3781 hominis
333 3707 375 3781 de
399 3706 504 3780 rebus
528 3707 639 3802 magis
661 3727 768 3802 quam
786 3704 829 3778 de
846 3704 959 3779 verbis
977 3702 1166 3777 laborantis
1190 3711 1225 3775 et

77 3907 80 3914 ,
159 3823 1225 3928 limaemoranraspernantinSedsennentiaehissubditaever·
1311 3904 1317 3915 ‚

25 3967 42 4005 '·
159 3951 233 4042 bis,
251 3974 323 4026 non
347 3952 463 4026 solum
488 3961 571 4024 sunt
593 3927 729 4038 sioicae,
754 3948 814 4022 sed
833 3947 937 4022 etiam
955 3947 1036 4044 (hoo
1054 3945 1225 4021 Lactantii

198 4211 205 4240 ¹
218 4214 281 4270 sen.
296 4215 385 4285 Epist.
400 4216 443 4271 24.
