3042 5086
646 487 693 564 47

182 631 320 717 Quanto
337 629 494 704 viridiori
516 642 615 705 motu
634 631 873 729 percelluntur
895 632 1002 706 animi
1021 631 1201 729 questibus

131 761 167 826 et
180 750 599 851 lamentishujuscemodi
613 774 718 848 quam
732 751 842 848 rigida
855 752 968 850 istaet
982 751 1126 827 immuta
1139 752 1203 827 Ca·

131 872 225 947 tanis
245 871 455 962 constantia,
474 895 580 972 super
600 872 777 946 fortunam
795 882 829 946 et
847 893 949 946 casus
972 871 1058 947 adeo
1077 894 1201 946 exsur-

129 994 263 1092 gentis,
282 1003 338 1086 ut,
357 993 429 1070 ictu
447 994 491 1069 ab
507 993 650 1069 homine
668 995 822 1091 quodam
842 1004 1002 1092 accepto,
1021 1017 1058 1069 se
1081 994 1202 1070 verbe-

130 1130 251 1193 ratum
271 1131 388 1216 neget;
412 1119 543 1216 quippe
569 1142 674 1217 quem
703 1109 788 1192 nihil
817 1119 1011 1216 inquietare
1038 1120 1148 1217 possit
1171 1130 1206 1195 et

132 1265 197 1318 sua
216 1241 318 1339 quasi
337 1264 474 1317 exerce
499 1241 665 1340 dejiceret
685 1242 754 1317 Res
780 1241 875 1316 dictu
905 1241 1089 1316 mirabilis!
1110 1243 1201 1316 Deus

132 1364 306 1455 heminis,
320 1366 425 1440 homo
441 1364 501 1439 Dei
516 1364 650 1439 vicibus
663 1364 837 1462 iungitur,
849 1363 934 1438 dum
948 1364 1034 1440 alter
1048 1365 1095 1439 ita
1108 1387 1205 1441 mor-

133 1501 206 1566 tem
225 1488 434 1585 dedignatur
452 1499 485 1562 et
504 1487 634 1563 callum
650 1487 839 1585 quemdam
857 1486 1002 1563 obducit
1016 1487 1146 1578 dolori,
1166 1499 1206 1563 ut

138 1626 293 1688 nostram
317 1612 462 1688 omnino
485 1613 642 1689 videatur
664 1613 798 1687 exuisse
823 1622 1002 1704 naturam,
1026 1613 1203 1689 caelestem

138 1734 234 1810 illam
247 1735 414 1832 sapientis
430 1737 619 1814 ἀπαθείαν
633 1744 862 1824 consecutus3
881 1733 967 1808 alter
984 1756 1064 1808 vero
1079 1734 1126 1809 ita
1145 1758 1205 1810 su-

134 1886 300 1962 premum
315 1861 407 1936 diem
419 1871 454 1935 et
466 1860 621 1960 eorporis
633 1860 810 1935 cruciatus
830 1859 1054 1956 deprecatur,
1070 1872 1110 1935 ut
1123 1883 1204 1934 eum

135 1985 326 2060 divinitatis
340 2007 413 2059 suae
428 1982 597 2073 oblitum,
612 1993 646 2057 et
660 2006 772 2056 unum
788 1981 891 2080 plane
907 2005 947 2056 ex
959 1981 1061 2057 nohis
1073 1983 1204 2056 factum
1273 2049 1276 2056 .

134 2107 322 2183 existimes.
347 2107 433 2181 lude
456 2105 657 2197 conficitur,
682 2115 721 2180 ut
745 2104 803 2179 ille
827 2104 915 2179 nihil
943 2103 1204 2202 quodammodo

135 2229 325 2305 nobiscum
346 2228 480 2303 habens
499 2250 706 2314 commune,
726 2248 789 2301 nos
813 2226 933 2316 istius,
952 2249 1058 2321 quam
1077 2226 1204 2299 menti-

133 2364 209 2442 tur,
229 2351 430 2426 indolentiae
448 2349 551 2425 saciat
566 2349 770 2448 participes,
789 2347 846 2423 hic
864 2369 943 2422 vero
962 2356 1083 2422 contra
1102 2347 1203 2422 nabis

133 2479 241 2552 etiam
259 2474 375 2550 invitis
393 2475 565 2575 lacrymas
592 2472 754 2571 lacrymis
778 2471 911 2564 eliciat;
938 2495 1018 2546 nam
1037 2473 1202 2548 mortales

133 2599 302 2676 mortalia
319 2607 477 2695 tanqum.

544 3003 690 3080 CAPUT
716 3003 803 3078 Vlll.

389 3179 434 3233 nu
451 3175 519 3233 uuo
538 3175 630 3231 leun
649 3172 782 3229 ronnas
801 3169 952 3228 srorcos.

185 3453 311 3530 Stoicis
326 3448 613 3550 perincommode
629 3421 772 3533 accidit,
790 3452 829 3516 ut
841 3462 911 3513 nou
930 3436 1135 3527 habuerint,
1155 3438 1202 3511 si-

138 3586 197 3652 cut
214 3573 388 3672 epicurei,
407 3581 519 3646 vatem
542 3566 737 3665 egregium,
762 3561 822 3659 qui
848 3560 1005 3635 instituta
1027 3580 1149 3633 earum
1168 3568 1203 3632 et

137 3705 310 3796 praecepta
345 3693 510 3778 omnibus
549 3686 687 3763 dicendi
726 3682 920 3758 luminibus
960 3679 1200 3775 distingueret.

136 3823 241 3898 Nunc
256 3831 391 3908 autem,
411 3818 440 3891 si
455 3814 615 3891 volumus
637 3810 725 3884 scire
744 3808 828 3906 quid
850 3807 885 3880 in
905 3804 1121 3880 carminibus
1140 3827 1202 3901 po-

138 3942 286 4031 tuerint,
317 3963 357 4015 ec
387 3935 610 4022 adducimur,
643 3939 682 4005 ut
712 3928 894 4023 discerptae
925 3946 1068 4021 poeseos
1102 3922 1201 4019 quasi

137 4069 297 4146 membra
321 4065 476 4159 nudique
501 4059 724 4156 colligamus,
743 4051 905 4150 quaesibi
931 4049 1117 4146 aliquando
1144 4071 1201 4138 pa-

138 4214 217 4269 runt
237 4188 446 4266 conveniant
462 4195 496 4260 et
522 4206 561 4258 ex
588 4181 716 4278 quibus
743 4177 830 4251 nilril
857 4174 1028 4250 elliciatur
1053 4170 1200 4270 simplex
