3002 5084
777 503 849 579 408

283 647 510 750 scriptorem,
527 647 577 724 sic
594 646 755 724 Persium
783 645 908 722 habuit
925 656 1083 747 poetam,
1104 646 1183 724 exili
1208 669 1297 722 sane
1321 656 1357 722 et

283 770 452 862 obscuro,
470 770 531 846 sed
558 768 630 844 aori
653 780 688 845 et
712 791 832 867 presso
858 767 997 844 dicendi
1014 791 1140 866 genero
1158 769 1356 866 insignem,
1421 758 1425 768 '

283 916 348 971 nec
367 893 427 993 qui
442 893 562 970 locum
580 879 672 968 inter
686 903 800 968 tantos
818 892 909 968 viros
924 891 1112 984 obtineret,
1130 915 1245 991 quum
1263 892 1355 982 vita,

282 1029 357 1094 tum
387 1019 545 1117 scriptia,
571 1017 716 1093 omnino
740 1016 937 1116 indignum.
970 1015 1060 1092 Cum
1086 1016 1264 1108 Thrasea,
1294 1014 1355 1091 illo

281 1137 442 1214 omnium
460 1136 649 1236 exemplari
671 1135 858 1228 uirtutum,
885 1136 1051 1212 affinitate
1081 1136 1317 1235 conjunctus,
1336 1157 1355 1210 a

281 1263 456 1355 Cornuto,
472 1263 544 1339 viro
566 1263 660 1339 bono
678 1273 714 1337 et
734 1261 890 1360 sapiente
909 1262 952 1360 (si
970 1262 1049 1360 quis
1068 1284 1228 1359 unquam
1254 1261 1356 1361 luit),

280 1387 450 1462 educatus
466 1387 608 1464 Persius
625 1396 745 1462 noster
769 1407 834 1462 nec
859 1385 972 1462 affinis
990 1384 1209 1463 dedecoravit
1228 1396 1356 1461 aucto-

279 1514 419 1590 ritatem
437 1537 502 1592 nec
520 1513 687 1611 magistri.

327 1635 406 1734 lpse
424 1635 478 1711 sui
502 1635 612 1733 ipsius
629 1657 746 1710 veram
765 1658 806 1711 ac
830 1634 1021 1742 genuinam
1039 1634 1203 1733 (inscius,
1224 1635 1352 1723 credo,

279 1770 313 1834 et
330 1760 467 1852 invitus)
489 1759 709 1835 adumbravit
734 1760 944 1858 imaginem,
969 1761 1134 1858 magistro
1161 1759 1353 1858 eidemque

279 1883 393 1958 amico
419 1881 516 1958 illam
545 1881 732 1958 scribendo
755 1883 916 1974 satiram,
934 1892 1039 1958 tantae
1062 1882 1181 1980 gloriae
1204 1884 1352 1981 utrique

278 1983 505 2096 suturam,in
522 2027 589 2103 qua
602 2005 798 2100 ingenuum
817 2026 857 2078 ac
873 2003 1063 2080 candidum
1078 2004 1261 2104 explicarit
1276 2005 1351 2080 ani-

278 2152 378 2204 mum
406 2140 509 2229 atque
540 2129 682 2204 intimos
714 2152 838 2205 sensus
868 2128 1006 2228 penitus
1038 2131 1199 2205 excussit.
1228 2132 1351 2207 Poetae

277 2254 415 2330 dicendi
447 2277 558 2351 genus
586 2253 795 2353 plerumque
830 2251 936 2350 paulo
970 2252 1121 2328 severius
1154 2263 1189 2327 et
1221 2255 1348 2330 durius

276 2376 459 2452 mitescere
477 2387 511 2452 et
529 2375 735 2452 mollescere
752 2376 907 2480 videtur,
925 2375 1011 2452 dum
1032 2377 1092 2452 ille
1106 2387 1252 2454 testatur
1271 2379 1348 2454 sin-

275 2502 434 2599 gularem
459 2525 564 2577 suum
587 2525 669 2600 erga
695 2501 892 2579 Cornutum
917 2525 1094 2597 amorem,
1112 2505 1199 2580 dum
1226 2515 1349 2582 narrat

276 2635 448 2723 quantum
464 2625 494 2700 ei
515 2624 692 2717 debuerit,
705 2648 812 2724 quam
831 2624 1048 2702 familiariter
1065 2648 1105 2702 eo
1123 2629 1228 2703 luerit
1240 2653 1345 2720 usuc,

275 2757 311 2823 et
339 2771 445 2846 quam
479 2747 644 2840 feliciter,
672 2747 734 2822 toti
768 2746 875 2823 dediti
909 2749 1087 2848 sapientiae
1111 2751 1247 2843 studio,
1275 2775 1344 2828 una

274 2872 430 2948 vixerint.
451 2871 536 2959 Quae
553 2872 699 2970 legendo
716 2871 913 2948 Cornutum
929 2873 1024 2949 dicas
1039 2876 1257 2952 sacerdotem
1275 2879 1343 2953 ho·

274 2997 388 3073 mines
406 2998 450 3072 ad
469 3020 646 3073 summam
665 3008 699 3074 ct
723 3000 912 3097 perlectam
929 3000 1094 3076 virtutem
1112 3002 1362 3102 dirigentem;'

271 3117 434 3192 Persium
449 3127 566 3193 autem
579 3117 743 3215 juvenem
766 3118 841 3217 ejus
861 3120 1015 3195 consiliis
1029 3121 1103 3220 jam
1122 3123 1342 3222 sapientissi-

274 3265 374 3316 mum
387 3252 421 3318 et
435 3242 697 3317 sanctissimum
712 3243 887 3319 ellectum.
902 3243 970 3327 Hic
980 3245 1074 3322 illius
1088 3248 1343 3326 beneficiorum

273 3363 405 3439 mirum
429 3365 465 3437 in
484 3366 629 3439 modum
649 3387 686 3440 se
705 3377 845 3465 praestat
865 3390 1075 3464 memorem,
1094 3383 1128 3448 et
1145 3385 1275 3471 quanta
1297 3378 1343 3451 sit

245 3571 248 3580 1
274 3510 347 3564 suae
365 3510 444 3587 pars
460 3487 587 3564 animae
603 3489 721 3587 palam
737 3501 884 3567 testatur
894 3519 902 3592 ;
1273 3507 1278 3516 ’

380 3683 423 3743 Me
437 3682 486 3740 tibi
499 3685 644 3756 supposui.
663 3687 786 3744 Teneros
805 3691 834 3744 tu
851 3689 971 3760 suscipis
985 3704 1073 3748 annos

380 3777 537 3848 Socratico,
552 3779 688 3850 cornute,
705 3781 776 3837 sinu.
793 3783 870 3838 Tunc
885 3782 977 3842 saltere
991 3786 1080 3842 solers

380 3870 509 3942 apposita
523 3871 642 3930 intortos
654 3872 777 3930 extendit
789 3875 885 3946 regula
897 3890 1001 3950 mores,

379 3969 414 4026 Et
425 3969 558 4040 premitur
571 3970 677 4028 ratione
689 3971 812 4040 animus,
823 3975 950 4047 vincique
964 3977 1070 4037 laborat

379 4062 569 4135 drtilicemque
584 4068 631 4122 tuo
644 4065 721 4124 ducit
734 4067 786 4124 sub
802 4068 902 4139 pollice
915 4070 1017 4128 vultum
1030 4071 1046 4127 ¹.

310 4254 316 4290 ¹
333 4255 407 4312 Pers.
422 4256 495 4324 Sat,
510 4257 541 4324 V,
555 4272 580 4314 v,
595 4262 638 4315 36.
