3002 5084
781 465 852 540 tta

286 613 348 689 sed
364 614 497 713 ubique
514 625 549 688 et
563 635 719 711 semper,
734 613 908 702 evenisse,
923 613 970 688 ita
992 621 1029 686 ut
1044 611 1086 687 de
1103 612 1200 686 omni
1218 614 1360 711 populo

218 777 221 783 ·
282 741 362 840 jure
382 740 478 816 dicas
501 739 596 837 quod
617 739 660 814 de
685 739 980 838 populoromano
1004 737 1198 837 praesertim
1217 737 1363 814 dictum
1437 811 1441 820 ,
1491 831 1492 842 Ν

286 861 429 939 luerim.
1426 841 1431 848 ¹

335 984 431 1060 Nihil
450 994 567 1060 autem
590 992 728 1058 tantum
745 982 889 1081 prodest
910 983 1074 1080 gentibus
1102 982 1146 1059 ad
1170 1006 1360 1060 summum

286 1103 424 1180 virtutis
441 1115 477 1180 et
493 1102 668 1179 felicitatis
688 1103 838 1199 gradum
857 1103 1102 1202 promovendis
1129 1126 1237 1201 quam
1254 1126 1363 1200 gene
1479 1197 1483 1208 Ι

288 1250 365 1304 rosa
385 1227 554 1304 libertatis
573 1248 673 1317 cura,
694 1235 728 1301 et
744 1249 783 1302 ea
811 1248 917 1324 quam
941 1225 1076 1302 Tullius
1103 1225 1263 1302 nominat
1284 1228 1361 1304 bu-

289 1352 385 1427 mani
400 1351 536 1450 generis
558 1350 756 1439 caritatem,
777 1372 927 1448 quarum
945 1372 1016 1424 una
1039 1350 1084 1426 ad
1102 1349 1264 1425 homines
1282 1351 1362 1426 sin·

288 1477 400 1575 gulos,
411 1478 518 1552 altera
529 1498 608 1552 vero
623 1477 667 1552 ad
681 1475 817 1552 civilem
832 1475 1122 1552 communitatem
1134 1473 1362 1576 potissimum

290 1609 433 1700 spectat.

339 1717 523 1796 Libertatis
549 1741 633 1794 cura
658 1719 695 1792 in
720 1740 760 1794 eo
785 1719 935 1795 maxime
961 1731 1106 1819 apparet
1132 1720 1224 1821 apud
1241 1721 1359 1796 Luca·

291 1872 397 1938 num,
427 1846 521 1944 quod
547 1867 687 1920 summa
713 1844 930 1920 observantia
960 1847 1044 1923 colit
1068 1849 1210 1946 antiqua
1237 1847 1359 1924 Romae

291 1969 470 2058 instituta,
493 1965 621 2064 quibus
639 1964 852 2064 Jamdudum
872 1965 1001 2041 civium
1022 1966 1102 2064 jura
1128 1968 1358 2066 protegeban-

291 2101 366 2180 tur,
396 2099 451 2178 et,
479 2085 607 2184 quibus
632 2083 795 2174 sublatis
823 2084 912 2158 nihil
937 2086 1110 2185 supererit
1132 2086 1226 2184 quod
1253 2087 1362 2161 unius

292 2188 523 2287 dominationi
553 2208 663 2307 possit
691 2207 871 2283 obsistere.
900 2208 1037 2307 ltaque,
1065 2210 1150 2286 dum
1178 2210 1362 2286 Romanus

293 2346 434 2410 senatus
463 2331 561 2431 Epiri
591 2353 734 2429 campos
762 2341 925 2429 peragrat
952 2333 1047 2408 exsul
1079 2344 1113 2408 et
1139 2333 1266 2409 humili
1296 2334 1362 2409 sub

294 2467 386 2534 tecto
405 2454 511 2532 babet
529 2455 737 2545 concilium,
756 2463 875 2529 noster
892 2454 1056 2530 Lucanus
1074 2454 1112 2528 in
1127 2456 1190 2530 bas
1209 2455 1365 2554 erumpit

295 2603 393 2656 voces
413 2601 499 2676 quas
527 2577 615 2652 alius
641 2587 757 2677 poeta,
776 2586 987 2676 praematura
1005 2598 1145 2676 quoque
1169 2585 1363 2676 praereptus

294 2683 425 2794 nec'el,
455 2699 642 2777 novissimo
670 2702 815 2777 finiente
845 2702 994 2794 saecule,
1025 2705 1095 2778 sere
1124 2703 1248 2794 refert,
1279 2725 1363 2777 cum

293 2828 422 2918 alium,
441 2848 593 2923 eumque
619 2808 829 2901 nobiliorem
858 2824 1013 2922 celebrat
1038 2836 1221 2915 senatum,
1239 2825 1276 2899 in
1302 2824 1362 2900 illo

288 2951 363 3051 jam
380 2948 618 3025 illustrissimo
631 2948 732 3047 pileae
750 2948 851 3038 tudo,
866 2939 912 3023 de
928 2947 1088 3024 libertate
1102 2948 1284 3024 Gallorum
1304 2949 1365 3023 de·

296 3073 524 3149 liberantem:

402 3311 407 3328 .
442 3289 444 3308 2
447 3303 636 3328 .....
653 3265 800 3340 Peregrina
814 3281 846 3326 ac
859 3265 971 3325 sordida
986 3263 1068 3325 sedes

400 3363 537 3424 Romanos
550 3365 623 3436 cepit
636 3377 781 3436 proceres;
799 3370 962 3436 secretaque
977 3378 1069 3423 rerum

400 3465 508 3533 Hospes
523 3462 551 3517 in
565 3461 687 3518 externis
703 3461 809 3518 audivit
821 3459 903 3518 Curia
916 3457 1013 3519 tectis!

400 3552 468 3618 Nam
484 3559 547 3630 puis
559 3562 650 3616 castra
663 3563 744 3616 vocet
757 3562 799 3616 tot
811 3559 923 3616 strictas
933 3559 995 3630 jure
1008 3570 1136 3629 secures,

401 3654 454 3710 Tot
466 3654 578 3711 fasces?
592 3655 688 3712 docuit
702 3656 821 3727 populos
837 3654 1003 3713 venerabilis
1019 3653 1088 3710 ordo

402 3749 462 3811 Non
476 3751 568 3822 Magni
582 3755 687 3826 partes,
704 3753 754 3810 sed
768 3754 897 3824 Magnum
911 3751 938 3810 in
954 3745 1186 3823 pernoscebat

334 4004 341 4042 ¹
356 4002 473 4077 Plora,
489 4006 505 4062 t.
519 4006 546 4078 l,
559 4021 583 4065 v.
600 4007 661 4066 cta.

332 4101 445 4160 ²lndre
461 4102 586 4162 chenier.
605 4105 699 4175 tejen
714 4101 749 4160 de
761 4117 877 4176 paucae·

335 4195 475 4266 meare,
489 4197 508 4254 l.
522 4198 553 4269 V,
567 4211 592 4255 r.
607 4202 634 4254 9.
