3002 5084
637 479 709 554 405

133 626 272 701 ceant¹.
302 621 375 697 Nec
392 631 528 698 tantum
546 621 592 697 oh
616 622 722 712 facta,
747 619 809 696 sed
827 622 873 696 ob
897 621 1046 721 cogitata
1070 631 1205 698 vexatos

132 746 247 824 animi
259 744 561 822 sollicitudinibus
577 755 744 822 nocentes
760 744 919 822 exhibet:

243 938 311 997 Nam
326 936 419 994 scelus
431 937 503 995 intra
520 951 550 995 se
562 937 677 996 tacitum
692 937 739 1010 qui
753 938 857 1010 cogitat
870 937 973 1008 ullum,

243 1035 321 1094 Facti
337 1034 440 1092 crimen
455 1032 570 1092 habeat.

186 1204 226 1279 ln
246 1203 367 1279 eadem
382 1202 486 1280 satira
501 1205 657 1301 egregios
669 1223 788 1278 versus
804 1203 846 1279 do
858 1201 1009 1279 vindicta
1025 1212 1059 1279 et
1072 1203 1207 1279 ultione

136 1322 309 1423 reperias,
338 1345 425 1421 quos
459 1325 610 1398 stoicum
642 1321 774 1420 aliquid
804 1322 933 1398 habero
967 1325 1206 1400 confitendum

136 1457 200 1522 est.
219 1445 329 1536 Nam,
346 1469 429 1521 cum
447 1445 552 1543 primi
566 1444 728 1522 homines
747 1445 807 1545 qui
823 1446 1011 1522 coluerunt
1028 1458 1154 1541 terras,
1170 1449 1206 1524 in

135 1571 289 1647 vindicta
317 1593 499 1646 summurn
517 1569 651 1646 bonum
670 1580 705 1645 et
732 1570 880 1668 gloriam
903 1573 1206 1670 praeclarissimam

138 1696 354 1796 posuissent,
371 1694 571 1794 philosophi
591 1694 752 1793 quidam,
770 1719 788 1771 e
806 1695 959 1773 Socratis
977 1699 1082 1776 domo
1100 1699 1208 1775 exorti

140 1818 371 1914 (academicos
390 1819 469 1894 dico
488 1841 529 1894 ac
543 1818 738 1916 praesertim
751 1819 893 1918 stoicos)
912 1820 1060 1898 miseros
1078 1830 1209 1895 morta-

137 1941 205 2031 lm,
220 1939 365 2015 ultionis
378 1939 747 2038 persequentissimos,
757 1939 801 2016 ab
814 1939 998 2016 horrendis
1012 1941 1209 2017 certamini·

139 2062 205 2138 bus
217 2071 371 2139 avertere
384 2070 620 2156 tentaverunt,
634 2073 737 2162 atque
751 2084 809 2140 eos
823 2064 1021 2139 docuerunt
1033 2064 1121 2139 nihil
1135 2064 1207 2140 viro

140 2187 205 2262 sibi
222 2196 437 2284 temperante
454 2196 490 2262 et
506 2186 665 2263 hostibus
685 2186 851 2284 subjectis
870 2198 1033 2285 parcente
1051 2211 1126 2263 esse
1144 2211 1208 2264 no-

138 2307 256 2383 bilius
275 2305 350 2383 Hac
368 2307 410 2382 de
428 2330 466 2382 re
484 2306 604 2382 audias
621 2306 698 2382 volo
724 2306 948 2401 Ciceronem,
967 2331 1120 2408 eumque
1141 2309 1208 2386 Pa·

87 2437 90 2444 ’
139 2432 233 2507 naetii
254 2431 354 2508 stoici
377 2429 527 2528 vestigiis
554 2429 792 2506 insistentem:
815 2433 909 2508 «nst
937 2434 1048 2525 enirn,
1074 2433 1208 2533 inquit,

138 2555 333 2632 ulciscendi
352 2565 385 2630 et
397 2554 567 2653 puniendi
585 2556 730 2650 modus;
747 2559 849 2655 atque
866 2557 961 2633 haud
981 2557 1110 2634 soloen
1127 2558 1209 2634 satis

139 2680 184 2756 sit
208 2704 311 2773 cunr,
335 2679 396 2778 qui
414 2680 625 2773 lacessierit,
652 2681 793 2781 injuriae'
815 2705 886 2758 suae
910 2685 1097 2783 poenitere;
1116 2695 1155 2760 ut
1177 2696 1211 2761 et

138 2805 274 2903 ipsene
293 2795 378 2902 qnid
396 2801 643 2902 taleposlhac,
671 2815 706 2879 et
735 2806 851 2881 caeteri
878 2806 949 2881 sint
974 2808 1016 2881 ad
1044 2808 1209 2906 injuriam

139 2928 309 3003 tardiores
323 2929 376 3001 3.»
393 2925 491 3003 Idem
503 2927 626 3002 codem
637 2927 672 3002 in
686 2927 795 3003 libro:
819 2929 1012 3005 «Necvero
1028 2930 1226 3021 audiendi,

139 3050 199 3150 qui
226 3049 375 3148 graviter
397 3048 620 3125 irascendum
643 3049 838 3148 putabunt,
861 3051 967 3149 idque
994 3053 1209 3149 magnanimi

139 3185 173 3251 et
191 3174 287 3249 sortis
314 3173 378 3248 uiri
404 3197 480 3249 esse
506 3172 709 3249 censebunt.
735 3173 831 3249 Nihil
860 3174 953 3248 enirn
982 3174 1209 3264 laudabiliuS,

140 3298 229 3373 nihil
247 3319 373 3396 magno
400 3307 434 3373 et
460 3298 628 3395 praeclaro
653 3297 726 3374 viro
746 3297 886 3394 dignius
905 3298 1140 3397 placabilitate
1158 3310 1210 3374 at-

140 3447 209 3522 que
224 3422 410 3499 clementia
425 3423 478 3497 ὖ.»
497 3423 517 3497 J
522 3421 673 3498 uvenelis
693 3423 873 3499 contendit
888 3447 1029 3523 quoque
1043 3425 1209 3503 minimos

141 3547 277 3618 animos
296 3542 428 3619 ultione
443 3541 593 3618 maxime
617 3542 798 3636 delectari,
823 3555 926 3643 atque
950 3546 1113 3621 homines
1133 3569 1208 3621 esse

140 3667 282 3743 eosdem
309 3676 343 3741 el
371 3665 631 3743 indoctissimus
660 3677 695 3744 et
724 3667 886 3745 vindictae
915 3669 1205 3768 promptissimos.

175 3921 183 3962 ¹
200 3925 260 3980 Juv.
274 3925 346 3994 Sat,
359 3922 432 3995 lllll,
446 3938 471 3979 v.
488 3928 550 3982 l92.

175 4023 258 4082 ²Juv.
273 4024 470 4098 Sor.‚xl11,v.
485 4026 547 4083 209.

175 4119 254 4178 ³Clc.
269 4122 312 4175 De
327 4118 395 4192 Off„
409 4119 426 4177 l.
442 4121 467 4191 l,
483 4134 507 4176 c.
523 4122 568 4176 ll.

176 4215 257 4274 ⁴Cic.
274 4219 315 4271 Dc
329 4215 397 4288 Off,
414 4215 432 4272 l.
446 4217 471 4288 1,
487 4230 512 4272 c.
527 4218 571 4274 25.
