3042 5086
674 471 720 544 ta

161 625 266 713 petu,
285 632 355 710 quo
373 631 432 685 eos
449 610 647 708 perfringit,
665 625 727 686 eut
746 633 912 710 superare
929 623 990 687 aut
1006 636 1145 712 aequare
1163 637 1227 713 po-

161 736 254 812 test‘l
270 733 496 810 Recentiores
522 733 629 809 etiam
655 745 832 827 auctores,
860 758 968 828 unuS,
995 737 1030 810 in
1056 759 1160 836 opere
1185 737 1230 812 de

161 856 282 956 pueris
296 853 520 929 instituendis
534 853 683 953 scripto,
699 855 757 930 eui
774 877 903 932 nomen
918 866 971 933 est
985 857 1165 950 AEmilius,
1179 859 1231 933 al-

162 990 233 1069 ter,
247 978 286 1052 in
302 975 402 1052 libris
420 975 463 1050 de
480 975 680 1052 christianae
697 977 876 1076 religionis
893 979 1034 1078 ingenio
1054 983 1230 1079 composi-

165 1101 224 1192 tis,
256 1099 463 1176 incredibile
492 1111 545 1175 est
573 1123 681 1198 quam
710 1123 837 1200 prope,
872 1101 1116 1202 philosophica
1148 1125 1230 1178 eum

162 1233 355 1300 tractarent
373 1234 595 1322 argumenta,
613 1225 656 1300 ad
681 1235 866 1324 poetarum
883 1225 1023 1304 dicendi
1041 1251 1151 1325 genus
1170 1251 1231 1306 ao·

164 1344 344 1422 cesserint.

214 1467 304 1542 Cum
326 1477 378 1540 tot
403 1467 559 1564 tantique
579 1467 663 1560 viri,
685 1467 723 1542 in
748 1467 914 1567 operibus
939 1467 1052 1545 soluta
1077 1471 1233 1548 oratione

169 1589 321 1687 seriptis,
335 1589 628 1689 philosophorum
646 1600 819 1690 praecepta
837 1601 872 1668 et
887 1592 1046 1668 instituta
1065 1615 1136 1669 non
1156 1618 1234 1670 ora-

169 1712 257 1788 torio
279 1715 412 1804 solum,
439 1715 499 1788 sed
530 1737 618 1816 pene
645 1715 780 1814 poetico
807 1714 941 1813 fulgore
964 1716 1233 1811 illustraverint,

165 1837 255 1935 quid·
264 1849 359 1912 esset
377 1861 441 1912 our
457 1837 524 1935 ipsi
543 1851 653 1937 poetae
670 1839 775 1915 talem
794 1839 885 1915 hanc
900 1862 971 1914 non
988 1841 1056 1916 sibi
1076 1865 1233 1918 assume-

165 1974 244 2038 rent
262 1963 445 2038 materiam
463 1962 583 2060 inqua
602 1964 786 2061 diligenter
803 1965 1047 2040 elaborarent?

212 2083 378 2176 Homini,
397 2106 467 2158 non
486 2083 633 2158 extritis
653 2082 889 2182 obsoletisque
905 2084 1149 2182 opinionibuS,
1173 2085 1234 2160 sed

165 2231 205 2283 ex
218 2231 340 2284 rerum
355 2203 495 2284 veritate
513 2219 678 2304 rectaque
695 2207 846 2298 ratione,
860 2209 1014 2282 humana
1033 2230 1136 2307 opera
1153 2231 1235 2282 con·

165 2331 349 2420 sideranti‚
373 2329 457 2426 quid
485 2331 635 2428 poemati
659 2339 728 2403 tarn
752 2341 941 2427 cognatum
959 2352 1065 2426 quam
1084 2340 1233 2429 systema

165 2451 398 2553 philosophiae
415 2452 597 2526 videatur?
620 2451 656 2526 Si
677 2475 747 2526 non
766 2451 893 2550 injuria
914 2451 1233 2552 praeclarus'serip·

166 2585 242 2666 tor,
272 2573 437 2669 idemque
464 2573 737 2647 mathematicus
764 2571 982 2671 praeclarior,
1010 2572 1132 2663 dixitl,
1162 2595 1234 2647 non

166 2695 297 2771 minori
317 2717 405 2798 opus
423 2694 530 2769 luisse
553 2693 757 2768 Archimedi
782 2681 913 2788 ingenii
942 2693 1101 2768 ubertate
1122 2714 1235 2791 ¹quam

166 2819 234 2918 ipsi
252 2818 427 2910 Homero,
450 2828 580 2916 quanto
607 2819 737 2893 rectius
759 2818 801 2892 de
822 2817 968 2892 Platone
990 2827 1050 2892 aut
1067 2816 1110 2890 de
1128 2816 1234 2891 Leib-

167 2943 259 3018 nizio
280 2943 315 3018 id
334 2965 473 3040 quoque
497 2942 687 3018 dicendum
703 2953 771 3031 est,
789 2941 866 3038 qui,
886 2943 1049 3018 omnibus
1068 2940 1235 3016 humanis

167 3062 363 3158 divinisque
377 3062 481 3136 rebus
500 3062 708 3158 cogitatione
727 3061 1007 3158 comprehensis,
1021 3083 1141 3135 earum
1157 3059 1235 3134 cui-
1280 3123 1286 3130 .

168 3207 237 3283 que
253 3184 435 3283 proprium
451 3184 569 3260 locum
585 3183 864 3282 adscripserunt,
881 3192 915 3257 et
929 3183 1109 3258 intellectu
1123 3181 1236 3257 Deum

167 3307 270 3381 illum
289 3307 461 3406 persecuti
482 3317 582 3397 sunt,
601 3306 661 3403 qui
679 3327 842 3379 summus
864 3304 983 3379 artifex
1003 3327 1236 3402 summusque

168 3439 346 3527 geometra
359 3429 496 3526 egregie
506 3438 558 3503 est
568 3426 773 3526 appellatus.
790 3427 991 3524 ltaquenon
1007 3427 1111 3525 pauci
1126 3439 1236 3526 poetae

169 3551 424 3651 philosophicis
448 3574 466 3625 e
488 3550 641 3626 lontibus
660 3551 856 3625 hauserunt
872 3560 1045 3650 praecepta
1066 3572 1143 3648 quae
1163 3550 1236 3625 suis

170 3677 206 3750 in
229 3676 448 3751 carminibus
473 3699 534 3773 per
557 3677 729 3773 quosdam
754 3675 853 3774 quasi
871 3676 961 3751 rivos
982 3675 1238 3766 diffunderent,

170 3819 242 3872 non
254 3795 437 3871 Platonem
452 3796 601 3871 modoet
613 3796 834 3872 Aristotelem
848 3796 1088 3886 secutiduces,
1103 3794 1164 3869 sed
1176 3796 1239 3868 hos

171 3923 277 4000 etiarn
296 3944 384 4022 quos
401 3920 539 4047 lollius
562 3921 717 3997 minutos
739 3931 774 3997 et
796 3920 949 4018 plebeios
965 3928 1065 3994 vocat
1081 3917 1238 4018 philoso-

183 4161 187 4172 ’
209 4209 411 4268 ¹D’llembert
