3002 5084
653 550 701 626 75

194 693 322 768 Nescio
341 717 384 768 an
403 694 540 771 Marcus
558 696 709 790 Tullius,
726 699 787 798 qui
802 698 977 797 Regulum
996 703 1092 777 omni
1111 703 1214 780 laude

143 812 376 906 cumularit¹‚
403 815 446 890 ab
466 815 609 892 Horatio
633 819 738 894 suerit
763 831 965 920 superatus,
991 823 1097 916 adeo,
1115 825 1150 900 in
1177 851 1214 903 re

145 946 241 1012 tanta
268 937 424 1013 versibus
446 938 658 1037 effingenda,
677 941 764 1017 nihil
787 943 962 1038 sucatum,
988 955 1049 1021 aut
1068 949 1214 1024 arcessi-

144 1071 239 1150 tum,
256 1069 318 1136 aut
331 1059 492 1137 inssatum
510 1063 571 1155 sit,
586 1073 620 1140 et
635 1065 752 1140 omnia
766 1066 903 1163 placida
920 1067 1072 1164 quadam
1088 1070 1215 1169 majes-

143 1190 215 1255 tate
232 1180 304 1255 sint
320 1179 487 1278 insigniat
514 1183 700 1259 Horatium
718 1186 839 1260 credas
857 1197 989 1262 veteres
1006 1185 1103 1278 iilos,
1131 1211 1213 1264 oum

142 1314 282 1405 poetas,
300 1314 377 1380 tum
390 1305 504 1381 omnis
517 1308 654 1405 generis
673 1309 823 1385 artifices
838 1308 1030 1387 imitatione
1046 1315 1213 1413 consequi

141 1429 311 1521 voluisse,
328 1429 389 1528 qui
407 1428 510 1522 mites
528 1431 592 1508 hos
619 1442 653 1507 et
679 1433 806 1508 rationi
834 1444 1086 1512 consentaneos
1105 1437 1214 1513 animi

144 1563 280 1643 motus,
308 1572 395 1650 quos
414 1575 530 1629 mores
554 1555 750 1654 appellant,
776 1555 1015 1656 potiusquam
1042 1561 1154 1636 varios
1181 1571 1215 1637 et

148 1677 337 1754 concitatos
352 1676 430 1752 illos
447 1677 633 1754 hominum
649 1679 812 1774 affectus,
829 1705 915 1780 quas
932 1694 1057 1760 vocant
1074 1697 1213 1784 pertur-

145 1799 322 1891 bationeS,
345 1821 407 1876 seu
430 1801 560 1892 verbis,
585 1825 647 1880 seu
665 1825 746 1880 sexo
765 1813 799 1880 et
822 1827 890 1882 aere
908 1807 1103 1905 exprimere
1121 1810 1212 1886 nite-

144 1918 309 1995 hantur².

559 2210 706 2286 CAPUT
727 2209 803 2286 ΧΠ.

328 2377 374 2431 nn
390 2377 582 2433 anmoroun
598 2376 693 2433 arun
711 2376 844 2432 eomas
862 2375 1014 2433 sroroos.

190 2573 287 2648 Inter
309 2572 401 2648 varia
418 2573 531 2650 officia
551 2596 629 2672 quae
653 2584 736 2650 sunt
759 2574 896 2650 homini
918 2599 980 2676 per
1005 2576 1109 2677 hujus
1132 2577 1209 2654 vitoe

143 2718 290 2770 cursum
309 2693 496 2795 explendo,
515 2697 692 2797 praecipuo
710 2697 747 2772 in
765 2698 842 2774 loeo
860 2721 998 2798 semper
1018 2699 1085 2774 fuit
1100 2699 1210 2799 pietas

142 2827 177 2894 et
193 2818 325 2916 religio.
352 2817 435 2894 Haeo
456 2831 573 2895 autem
592 2820 658 2896 alia
683 2820 760 2896 aliis
776 2821 814 2895 in
832 2821 1048 2921 temporibus
1077 2822 1206 2896 extitit:

141 2938 271 3037 quippe
289 2962 367 3037 quae
385 2962 467 3015 oum
485 2940 527 3015 iis
545 2963 623 3038 quae
640 2963 780 3015 summo
799 2941 842 3016 de
860 2942 1006 3017 numine
1025 2953 1211 3017 senserunt

141 3059 303 3134 homines
322 3059 397 3135 sine
422 3060 494 3135 ulia
520 3059 779 3136 intermissione
801 3061 1001 3151 mutaverit,
1027 3083 1110 3151 neo,
1136 3061 1208 3137 ullo

140 3182 286 3281 quidem
310 3183 476 3281 temporis
494 3192 644 3283 puncto,
669 3182 706 3259 in
724 3204 796 3257 uno
820 3190 856 3257 et
872 3181 994 3258 eodem
1019 3191 1111 3256 statu
1130 3206 1209 3281 per-

140 3307 320 3385 manserit.
341 3309 457 3395 Quum
475 3307 635 3384 homines
650 3306 834 3406 cogitando
852 3306 919 3381 sibi
937 3308 1107 3404 fingerent
1126 3307 1208 3384 deos

141 3430 271 3528 quibus
284 3432 355 3507 sere
370 3430 526 3506 humana
541 3439 658 3506 essent
672 3452 836 3528 corpora,
854 3429 1001 3504 humani
1018 3430 1208 3529 appetitus,

140 3553 341 3650 nostrisque
376 3552 507 3629 similes
541 3552 770 3652 cupiditates,
805 3561 880 3628 tum
913 3553 949 3628 in
985 3553 1209 3629 immolandis

140 3699 264 3753 eorum
290 3686 370 3752 ante
396 3699 474 3751 aras
493 3676 602 3751 tauris
629 3687 663 3751 et
688 3676 802 3774 oopris
821 3675 1009 3752 maximam
1033 3675 1210 3775 ponebant

141 3800 316 3899 pietatem.
351 3799 392 3874 ln
419 3799 527 3875 Iliade
559 3798 726 3891 Homeri,
757 3800 817 3898 qui
846 3799 1024 3874 vetustatis
1053 3797 1209 3895 loeuple-

142 3921 298 3996 tissimus
323 3919 473 3996 hahetur
491 3919 605 4014 testis,
623 3943 709 4019 quas
727 3943 847 4020 preces
864 3920 1011 4019 Chryses
1029 3918 1207 4011 sacerdos,

176 4193 185 4232 ¹
200 4193 258 4254 cir.
275 4197 320 4252 De
336 4193 404 4267 Off,
417 4193 435 4252 1.
449 4196 500 4267 111,
516 4209 541 4252 o.
557 4200 600 4265 ¹8,
615 4200 659 4266 29,
674 4199 718 4268 30,
735 4200 780 4268 et,
794 4199 838 4255 ea.

178 4288 290 4348 ’Esset
301 4306 354 4346 rur
367 4289 400 4348 lo
414 4289 540 4364 metaph.
553 4291 723 4362 d'Arr'rtote‚
744 4306 794 4364 par
805 4292 841 4350 M.
857 4291 1020 4360 statuissem
1036 4293 1055 4348 t.
1071 4289 1106 4362 tl,
1119 4306 1146 4363 p.
1161 4296 1204 4350 68.
