3002 5084
646 469 715 573 ocx

133 637 187 712 vix
219 639 328 714 stoica
358 640 574 733 viderentur,
605 644 651 718 ita
688 644 849 741 quaedam
880 645 1029 718 reseram
1065 653 1203 736 tamen,

133 761 265 861 quippe
283 786 362 861 qnae
381 765 424 840 ad
442 764 689 858 illustrandam
716 767 925 844 sententiam
950 791 1028 843 vere
1055 767 1202 844 stoicam

132 888 410 965 emissaluerint.
423 889 564 969 Inducit
580 915 701 970 secum
716 894 917 993 loquentem
930 892 1200 992 Damasippum,

132 1035 258 1110 quem,
276 1013 426 1090 fortunis
444 1016 610 1094 omnibus
637 1018 883 1110 deturbatum,
902 1016 1089 1094 Stertinius
1107 1016 1201 1092 sola·

130 1142 189 1210 tus
203 1134 310 1232 jussit
323 1158 466 1235 pascere
479 1137 624 1216 barbam
639 1196 648 1231 ,
663 1163 832 1238 maguum
851 1138 1030 1240 sapientiae
1048 1138 1201 1236 signum.

132 1255 256 1347 Qui‚a
283 1257 449 1358 colloquii
471 1261 589 1356 initio,
618 1261 703 1354 hoc,
730 1262 773 1338 de
800 1286 870 1362 quo
897 1261 1030 1361 agitur,
1057 1261 1200 1340 aliatum

132 1379 266 1477 profert
280 1391 315 1458 et
331 1381 468 1460 statuit:

241 1560 327 1626 Quem
339 1556 411 1617 mala
424 1559 555 1629 stultitia,
568 1563 597 1618 ct
610 1572 782 1632 quacunque
795 1559 905 1619 inscitia
919 1559 975 1617 veri

240 1651 347 1710 cacum
363 1653 432 1726 agit,
446 1653 575 1711 insanum
588 1653 732 1726 Chrysippi
746 1654 871 1725 porticus
888 1657 916 1712 et
928 1667 995 1725 grex

239 1744 377 1803 tutumat.
391 1747 455 1804 Hac
468 1747 601 1819 populos,
614 1746 674 1805 haec
686 1761 802 1820 magnos
814 1746 931 1805 formula
944 1760 1039 1819 reges,

239 1842 360 1915 Excepto
375 1844 499 1916 sapiente
513 1849 589 1902 tenet
601 1843 618 1902 ¹.

180 1996 272 2072 Tum
292 2020 451 2090 avarum,
471 1999 647 2075 honorum
667 1999 853 2099 cupidum,
871 1997 1079 2098 prodigum,
1097 2023 1201 2075 ama-

132 2130 260 2211 torem,
281 2121 437 2220 aliosque
454 2122 615 2198 homines
629 2121 770 2200 vitiosos
787 2134 963 2214 recenset,
982 2133 1016 2197 et
1035 2145 1131 2197 nunc
1145 2123 1201 2221 jo·
1261 2221 1265 2226 Ι

134 2241 241 2332 cosis,
259 2265 355 2316 nunc
378 2241 510 2342 asperis
536 2242 650 2318 verbis
678 2241 891 2341 perstringit.
909 2241 1063 2317 Avarum
1081 2251 1200 2316 autem

131 2363 168 2437 in
192 2363 447 2463 primisverhis
465 2365 620 2456 lacessit,
636 2388 805 2462 eumque,
824 2388 936 2464 quum
953 2363 1075 2440 multis
1093 2387 1197 2460 argu-

132 2487 278 2578 mentis,
293 2497 368 2563 tum
387 2488 536 2564 maxime
554 2489 665 2564 acutis
678 2488 733 2563 his
746 2486 1036 2565 similitudinibus
1050 2485 1198 2565 delirare

131 2609 325 2684 confirmat.
346 2607 569 2685 Cithararum
584 2619 733 2709 emptor,
747 2610 875 2708 quibus
888 2632 960 2684 non
972 2609 1096 2700 utitur,
1110 2632 1197 2707 pru-

133 2731 247 2807 dentis
265 2733 436 2832 cujusque
453 2733 565 2810 risum
578 2744 708 2827 movet3
722 2735 941 2833 scalprarum
956 2743 989 2809 et
1003 2735 1198 2810 formarum

133 2855 395 2946 accumulator‚
408 2856 439 2931 si
457 2856 562 2933 modo
580 2856 625 2932 sit
649 2851 793 2933 sutrinae
809 2857 969 2956 ignarus,
988 2880 1110 2936 amens
1128 2880 1213 2942 un·¹

132 2977 239 3075 dique
256 2979 381 3056 merito
400 2978 549 3057 dicitur:

612 3163 664 3234 Qui
678 3164 818 3235 discrepat
831 3164 908 3236 istis,

239 3256 292 3326 Qui
308 3269 435 3316 nummos
448 3272 600 3331 aurumque
615 3260 755 3330 recondit,
770 3260 883 3316 nescius
897 3259 936 3319 utt

241 3356 419 3429 Compositis,
433 3363 613 3440 metuensque
625 3358 700 3418 velut
714 3359 876 3431 contingere
889 3371 997 3416 sacrum
1010 3355 1040 3414 ²?

182 3515 473 3617 Operaepnetium
491 3529 544 3596 est
561 3519 677 3596 videre
696 3519 781 3617 quid
797 3519 946 3596 senserit
962 3528 1081 3594 noster
1099 3529 1200 3617 poeta

134 3634 178 3711 de
189 3636 250 3712 illo
265 3639 437 3735 paradoxo
456 3641 550 3739 apud
566 3643 694 3716 stoicos
710 3651 781 3716 tam
797 3640 987 3730 celebrato,
1006 3640 1198 3743 sapientem

132 3758 292 3835 videlicet
321 3760 437 3835 solum
463 3785 538 3839 esse
565 3786 694 3862 regern.
722 3763 892 3838 Homines
923 3763 1043 3860 inopes
1070 3775 1105 3836 et
1137 3762 1201 3838 ali-

132 3885 273 3982 quando
290 3908 464 3984 pannosos
483 3888 543 3984 qui
561 3899 739 3988 sceptrum
762 3900 797 3964 et
814 3889 974 3964 diadema
992 3887 1059 3963 sibi
1083 3863 1216 3962 vindi-7

173 4146 254 4214 'lion
268 4155 287 4213 1.
300 4157 339 4229 11,
352 4117 414 4215 Set.
430 4161 457 4229 3,
470 4170 495 4214 r.
512 4160 555 4216 38.

168 4247 285 4322 ²1dem,
297 4263 323 4308 v.
339 4254 400 4310 ⁴08.
