3042 5086
677 507 723 582 33

150 747 152 752 Ι
216 648 300 735 Quae
320 649 349 722 si
368 649 425 723 cui
444 649 550 747 paulo
564 651 710 727 liberius
729 663 763 726 ot
780 651 967 727 obscenius
986 651 1077 726 dicta
1097 675 1172 728 esse
1188 653 1239 726 vi-

168 769 334 857 deantur,
354 768 383 842 is
401 791 523 845 secum
540 781 678 867 reputet
690 792 760 846 non
774 770 865 845 loeda
882 770 973 845 foede
987 792 1163 869 expressa,
1179 772 1239 848 sed

168 889 318 966 amoenis
332 889 443 964 velata
458 891 850 980 circumlocutionibus,
865 890 1018 987 legentes
1031 890 1076 965 ad
1089 913 1125 965 se
1137 891 1240 988 vulgo

169 1012 322 1088 allicere.

220 1133 369 1229 Quoquo
383 1132 488 1206 modo
506 1153 543 1207 se
560 1153 614 1207 res
634 1132 777 1222 habeat,
796 1157 899 1210 nemo
919 1156 988 1209 non
1013 1135 1162 1208 fateatur
1180 1154 1241 1206 ne·

173 1280 271 1333 cesse
286 1267 354 1348 est,
379 1257 524 1347 stoicos,
541 1280 623 1333 cum
645 1257 768 1334 litterae
785 1280 939 1333 romanae
957 1259 1117 1359 pluribus
1135 1258 1242 1350 vitiis,

171 1381 290 1478 iisque.
303 1381 533 1477 gravissimis,
551 1382 766 1471 laborarent,
785 1394 819 1456 et
836 1383 928 1456 lenta
948 1383 1048 1480 quasi
1063 1381 1142 1457 tabe
1161 1404 1244 1458 con-

103 1531 107 1546 ·
173 1515 417 1594 sumerentur,
441 1527 510 1578 non
529 1527 668 1579 summa
691 1504 726 1578 in
748 1505 845 1594 oute,
870 1505 929 1580 sed
950 1505 1081 1580 intimis
1105 1507 1141 1580 in
1169 1528 1244 1580 me-

177 1625 280 1699 dullis
305 1625 420 1701 morbi
447 1626 645 1724 quaesivissc
676 1648 815 1718 causas,
841 1651 968 1725 easque
996 1651 1118 1703 sanare
1144 1628 1245 1719 solis,

178 1745 304 1843 quibus
333 1749 448 1822 sanari
473 1759 648 1846 poterant,
672 1750 835 1824 remediis
858 1773 933 1826 esse
959 1761 1112 1826 conatos.
1135 1749 1246 1825 Certis

175 1867 469 1968 inconcussisque
484 1871 651 1946 institutis
667 1881 801 1947 mentes
816 1873 1056 1961 informando,
1069 1871 1247 1969 generosis

176 2014 217 2067 ao
235 1992 412 2068 nobilibus
425 1993 586 2069 sensibus
602 1995 737 2068 animos
750 1995 960 2082 extollendo
976 1995 1090 2092 quod,
1106 1996 1148 2069 ad
1160 1996 1248 2071 libe·

176 2114 268 2189 rales
283 2126 373 2190 artes
385 2126 418 2190 et
433 2115 635 2215 disciplinas
649 2118 898 2206 restituendas
914 2128 986 2192 erat
1002 2117 1246 2208 utilissimum,

176 2237 353 2329 lecerunt3
369 2260 451 2312 nam
469 2237 574 2312 veteri
592 2239 659 2312 hac
676 2236 846 2312 sententia
866 2236 955 2310 nihil
974 2237 1104 2311 verius:

286 2438 428 2496 scribendi
442 2444 517 2496 recte
533 2451 630 2509 sapere
643 2441 687 2495 est
699 2442 727 2494 et
741 2437 906 2509 principium
920 2441 949 2494 ct
962 2436 1038 2508 lona,

182 2605 252 2680 nisi
268 2607 355 2680 sorte
373 2606 449 2682 baec
468 2605 592 2682 altera:
609 2647 655 2661 —
669 2606 797 2681 Pectus
812 2614 865 2681 est
882 2605 975 2702 quod
992 2605 1139 2682 disertos
1156 2605 1247 2682 lacit.

507 3142 519 3160 ,Ι
612 3049 758 3126 ccrur
784 3048 823 3123 v.

227 3218 273 3272 DE
291 3218 336 3273 11s
354 3217 435 3282 011AE
454 3217 585 3274 STOICIS
603 3219 647 3272 ET
665 3218 788 3273 Pourls
806 3215 1005 3272 srotconum
1023 3215 1216 3272 DISCIPULIS

477 3342 595 3398 duruit
612 3342 776 3396 FUERUNT
794 3339 956 3430 obuncat.

236 3544 350 3620 Stoica
370 3544 556 3644 disciplina
579 3569 597 3620 a
620 3544 756 3635 multis,
774 3543 885 3640 iisque
911 3539 1125 3630 lectissimis,
1145 3539 1255 3636 scrip-

189 3664 324 3764 toribus
349 3689 462 3764 nuper
486 3664 638 3764 exposita
660 3665 726 3738 luit
750 3676 783 3738 et
800 3661 1028 3737 examinatal.
1057 3660 1151 3732 luter
1168 3680 1256 3754 quos

186 3787 239 3862 vir
256 3789 486 3864 humanitatis
505 3789 798 3876 studiosissimus,
818 3788 992 3862 bonorum
1011 3784 1256 3882 probatorum·

226 4049 235 4086 ¹
246 4049 313 4108 Vide
327 4048 480 4120 praesertim
491 4050 651 4118 Ravaisson,
662 4050 749 4104 Esset·
758 4062 810 4102 sor
820 4045 850 4101 lc
861 4043 987 4116 Mataplr.
999 4043 1162 4112 d'Arirtote,
1175 4044 1258 4114 t8463

187 4145 290 4216 Denis,
304 4147 431 4201 Histoire
449 4144 499 4200 des
513 4143 633 4201 littorias
648 4151 676 4200 et
688 4142 737 4199 des
754 4141 830 4198 r'dtes
843 4138 971 4196 morales
989 4137 1067 4193 dans
1081 4135 1259 4208 l’notc'qoitd,

191 4248 279 4316 l8563
293 4245 385 4314 lauet,
399 4245 528 4299 Histoire
537 4241 578 4298 dc
587 4242 619 4300 lo
629 4241 807 4314 pbilosopttc
819 4237 931 4296 movele
943 4244 970 4294 et
980 4235 1131 4308 potitique,
1145 4239 1222 4294 tata.

287 4358 317 4410 F·
1117 4329 1130 4372 3
