3002 5084
632 550 679 622 99

117 701 303 796 Egnatum
323 695 496 793 discipulo
513 695 633 768 Barcae
650 694 793 768 exitium
812 693 986 784 attulisse;
1009 715 1104 769 nunc
1122 695 1188 768 ho-

113 823 236 896 mines
261 819 434 916 fingendis
462 817 648 892 virtutibus
676 814 843 891 subdolos
861 793 1035 914 depingit,
1061 837 1189 913 eosque

115 945 208 1019 dicit
222 942 408 1041 Chrysippi
423 952 456 1016 et
471 939 667 1030 CleantbiS,
681 938 842 1014 Porticus
859 961 981 1035 regum
1000 948 1061 1014 aut
1074 939 1190 1036 potius

115 1069 289 1156 deorum,
307 1087 443 1140 servare
462 1063 642 1159 imagines,

167 1189 333 1264 Primum
349 1187 365 1262 J
371 1186 525 1272 uvenalis
538 1187 581 1260 de
592 1185 795 1260 hominibus
809 1207 880 1259 non
890 1206 969 1260 vere
982 1184 1115 1272 stoicis,
1130 1183 1191 1257 sed

116 1310 251 1384 stoicos
268 1306 536 1396 mentientibuS,
555 1305 612 1380 bic
631 1305 801 1404 loquitur,
820 1305 949 1404 quippe
967 1327 1054 1402 quos
1069 1305 1193 1380 indoc-

117 1439 180 1503 tos.
194 1429 270 1527 ipse
289 1425 460 1526 appellat:

265 1630 371 1688 indocti
386 1629 517 1700 prinum,
531 1641 688 1700 quanquam
701 1627 782 1700 plena
794 1628 884 1686 omnia
896 1641 983 1701 gypso

266 1726 410 1798 Chrysippi
426 1726 551 1784 invenias
562 1724 584 1796 ¹,

123 1919 158 1982 et
174 1907 235 2005 qui
251 1930 288 1981 se
306 1908 433 1982 stoicos
451 1907 529 1981 ideo
544 1907 776 1997 simulabant,
791 1907 871 2004 quia
890 1907 1081 1981 stoicorum
1099 1916 1192 1980 tanta

124 2041 200 2105 erat
215 2030 419 2120 auctoritas,
435 2039 474 2102 ut
489 2030 632 2103 nomina
648 2029 747 2104 stoici
764 2040 796 2103 et
812 2029 894 2103 boni
910 2028 1002 2103 idem
1019 2040 1193 2102 sonarent.

124 2154 259 2228 Deinde
270 2151 1194 2250 aliasZenonem‚Porticns'columen,prolertntqui

126 2277 260 2376 optima
279 2275 403 2350 devita
422 2286 456 2349 et
474 2274 596 2350 officiis
615 2275 801 2350 hominum
820 2274 1041 2374 praeceperit:

234 2521 652 2536 ..........
672 2479 771 2537 Melius
785 2492 837 2535 nos

233 2573 353 2632 Zenonis
365 2577 503 2644 praecepta
516 2577 629 2628 monent
643 2587 649 2627 :
666 2586 717 2628 neo
731 2572 803 2628 enim
816 2571 921 2644 omnia,
934 2569 1058 2643 quaedam

234 2671 286 2728 Pro
300 2670 354 2726 vita
367 2667 493 2726 facienda
507 2671 594 2739 putat.
610 2667 663 2725 Sed
676 2667 813 2726 Cantaber
828 2668 901 2726 unde

235 2765 362 2836 Stoicus,
375 2764 482 2836 antiqui
496 2763 648 2834 prasertim
661 2768 742 2823 aetate
754 2762 896 2824 Metellili

177 2941 327 3039 Cynicos
357 2941 484 3032 etiam,
513 2941 632 3017 stoicis
663 2964 788 3038 parum
819 2940 1027 3033 dissimilem
1056 2953 1199 3016 exornat

127 3069 279 3143 summis
298 3067 481 3158 laudibus,
496 3068 576 3165 quia
591 3077 724 3142 certum
742 3067 991 3165 cupiditatibus
1007 3068 1112 3141 finem
1129 3068 1198 3141 im-

127 3199 338 3289 posuerunt3
353 3213 417 3264 neo
431 3189 528 3265 video
543 3189 719 3286 quomodo
734 3190 763 3263 is
773 3190 852 3287 jure
866 3189 1054 3264 duritatem
1068 3188 1198 3262 Zenoni

127 3310 313 3409 objiceret,
332 3310 393 3406 qui
411 3309 575 3406 Diogenis
594 3309 836 3385 humiditatem
852 3309 984 3384 extollit
996 3311 1019 3381 ³.

179 3431 255 3507 Hoc
283 3443 402 3506 autem
425 3431 510 3505 milri
539 3454 608 3505 non
627 3431 664 3505 in
683 3431 800 3505 animo
819 3441 890 3522 est,
918 3443 958 3506 ut
974 3430 1198 3506 manifestum

128 3553 273 3644 faciam,
295 3553 389 3650 qnod
412 3575 633 3651 naquaquam
653 3552 727 3626 fieri
745 3562 874 3650 potest,
896 3552 1099 3628 Juvenalem
1117 3575 1198 3648 ger-

131 3699 279 3750 manum
292 3675 398 3749 luisse
411 3675 576 3764 stoicum3
593 3675 628 3749 id
642 3685 779 3748 tantum
792 3675 1001 3765 firmissimis
1015 3697 1199 3771 argumen-

82 3885 87 3896 ,
132 3795 176 3875 tis
196 3794 335 3871 vincere
352 3794 474 3886 velim,
497 3795 677 3894 egregium
695 3795 794 3870 illum
818 3795 1043 3893 scriptoram,
1063 3793 1198 3868 etiamsi

172 4102 178 4132 ¹
191 4105 249 4160 tur.
264 4103 337 4173 Sat,
350 4102 387 4170 ll,
400 4115 425 4157 v.
441 4104 483 4157 ld.

170 4191 253 4252 'inu
267 4197 339 4266 Sat,
353 4195 407 4266 xv,
421 4208 446 4251 v.
462 4197 523 4250 iud.

170 4291 180 4321 ³
193 4295 253 4352 luv.
267 4295 341 4361 Sat,
354 4292 421 4363 lllV,
433 4306 458 4347 v.
471 4293 531 4347 308.
