3002 5084
627 525 694 600 itt

218 669 378 724 iiaercmus
393 668 487 724 cuncti
502 668 631 740 Superis,
649 669 806 740 temploque
819 675 929 726 lacento

214 763 268 822 Nil
284 762 408 822 iacimus
420 776 475 820 non
489 769 588 836 sponte
602 765 664 838 Del3
678 779 729 824 uec
742 765 859 826 vocibus
873 765 939 856 pitis

217 859 339 917 Numen
354 864 432 931 eget,
446 860 568 932 dixitque
582 860 668 919 semel
682 861 861 920 nascentibus
873 866 972 920 auctor

216 955 372 1026 Quidquid
385 956 457 1013 scire
471 955 545 1014 licet.
560 957 711 1015 sterilesne
726 957 808 1029 clegit
821 971 937 1029 arenas,

217 1053 258 1110 Ut
275 1057 394 1110 caneret
404 1053 515 1124 paucis,
529 1056 677 1126 mersitque
690 1055 743 1112 boc
757 1054 869 1126 pulvere
881 1051 995 1113 verum?

215 1147 315 1204 Estne
330 1149 379 1205 Dei
393 1149 489 1219 sedes,
503 1149 556 1206 uisi
569 1155 659 1219 terra,
672 1154 827 1221 otpertus,
843 1155 871 1208 et
884 1162 945 1218 aen

217 1246 259 1303 Et
273 1246 378 1304 coelum
392 1251 420 1304 ct
432 1247 519 1304 virtus
530 1246 545 1304 ¹.

153 1431 288 1508 Deum
317 1457 428 1508 unum
456 1458 735 1536 supremumque
761 1437 868 1512 rebus
892 1437 1056 1512 humanis
1078 1435 1195 1534 praesi-

103 1550 191 1626 dere
224 1552 360 1642 credit,
384 1556 444 1652 qui
471 1567 618 1647 cuncta,
644 1570 684 1633 ut
715 1557 833 1632 stoicis
863 1557 996 1656 placet,
1025 1556 1136 1655 gignit
1160 1566 1195 1630 et

104 1683 315 1771 temperat,
332 1673 379 1748 ita
396 1685 434 1748 ut
453 1677 548 1750 casui
565 1675 710 1752 cuilibet
724 1676 843 1752 nullus
862 1677 906 1751 sit
919 1677 1036 1766 locus,
1051 1685 1085 1750 et
1102 1698 1195 1773 quae·

105 1815 265 1893 cunque
294 1795 523 1872 obversantur
539 1809 620 1876 ante
647 1799 787 1889 oculos,
806 1799 911 1874 ctiam
930 1800 1063 1874 diversa
1085 1811 1119 1871 et
1136 1821 1193 1872 re·

107 1919 337 2016 pugnantia,
354 1921 445 1997 inter
463 1945 500 1998 se
517 1924 630 1999 vincta
660 1936 695 2000 ct
720 1948 875 2002 connexa
894 1935 1090 1999 teneantur.
1111 1921 1195 2008 Quae

108 2061 198 2116 cum
231 2044 282 2117 ita
313 2042 403 2136 sint,
432 2045 549 2120 fabula
582 2047 685 2122 debet
716 2048 870 2124 scientiae
901 2045 1023 2120 cedere
1054 2043 1193 2132 locum,

110 2177 224 2264 atque
243 2167 390 2244 historia
409 2169 543 2260 omnic,
563 2171 785 2269 philosophia
804 2173 913 2260 duce,
930 2167 1126 2244 renovanda
1143 2178 1195 2240 cst

110 2299 146 2362 et
164 2291 205 2364 in
237 2290 365 2365 melius
384 2292 615 2368 immutanda.
634 2294 703 2368 Pro
721 2293 879 2382 Pallade,
897 2293 1028 2380 Marte,
1046 2289 1193 2386 aliisque

111 2413 333 2488 numinibus
352 2438 429 2513 quae
456 2414 650 2507 Homerus,
666 2416 708 2490 ad
728 2439 802 2490 rem
821 2437 998 2514 quamque
1017 2414 1193 2512 explicari:

1 2621 4 2648 μ
112 2535 223 2631 dam,
244 2539 332 2614 solet
356 2539 541 2631 inducere,
561 2542 736 2616 naturales
764 2541 934 2640 quasdam
954 2562 1098 2630 causas,
1117 2539 1192 2612 aliis
1304 2610 1311 2617 .

114 2683 156 2735 cx
174 2663 296 2738 causis
313 2664 526 2763 pendentes,
544 2676 579 2740 et
592 2666 681 2742 lacta
699 2665 799 2741 lactis
813 2665 890 2740 aliis
905 2677 1068 2761 generata
1086 2662 1192 2737 habc-

1 2852 6 2872 ,
116 2802 222 2873 mus,
243 2806 320 2881 quaa
343 2784 450 2859 horno
479 2785 663 2883 cogitando
692 2786 992 2886 comprehendere
1021 2785 1100 2882 plus
1127 2783 1194 2857 mi-

119 2927 235 2982 nusve
248 2919 370 3005 potest.
386 2908 422 2982 Si
437 2909 524 2983 torte
543 2910 741 3006 quaesiveris
758 2935 822 2986 cur
838 2911 936 2984 civile
952 2909 1085 2983 bellum
1100 2907 1194 3005 apud

119 3024 305 3103 Romanos
324 3040 482 3105 exortum
497 3031 600 3105 luerit
614 3044 648 3106 et
666 3031 811 3129 pristina
828 3040 959 3104 mutata
975 3029 1078 3102 luerit
1091 3027 1195 3102 disci-

121 3147 243 3244 plina,
261 3150 324 3225 tibi
349 3152 574 3250 respondebit
590 3153 776 3242 Lucanus,
796 3152 962 3226 omnibus
981 3150 1104 3226 mundi
1120 3150 1195 3248 opi-

121 3267 192 3345 bus
211 3271 360 3347 Romam
380 3272 507 3365 illatis‚
525 3273 609 3348 hinc
636 3274 853 3373 prodigiosas
877 3283 976 3347 natas
1000 3295 1075 3347 esse
1094 3272 1195 3370 cupi·

126 3393 248 3486 dines,
282 3419 378 3493 quae,
410 3398 504 3473 velut
538 3397 850 3473 turbulentissimae
885 3407 1125 3496 tempestates,
1160 3396 1195 3468 in

125 3518 256 3593 urbem
275 3520 495 3596 debacchata
515 3523 677 3611 iuuerunt,
696 3532 731 3596 et
753 3531 903 3596 veterem
929 3531 1127 3596 averterunt
1148 3519 1196 3592 ci·

125 3639 244 3712 vitatis
263 3648 411 3732 statum3
431 3664 496 3717 nco
523 3641 557 3715 id
583 3640 704 3716 Romae
729 3641 862 3732 solum,
882 3652 917 3717 et
942 3639 1001 3714 illo
1025 3650 1194 3736 tempore,

167 3947 174 3978 ¹
187 3947 302 4022 Pharo,
317 3949 336 4009 l.
350 3952 400 4023 ix,
413 3969 439 4010 v.
453 3956 513 4012 573.

166 4045 287 4101 ‹tiiettez
301 4046 442 4103 ensemble
455 4050 516 4103 tout
528 4059 560 4102 ce
569 4059 622 4116 que
638 4046 679 4103 les
691 4047 805 4103 anciens
816 4047 913 4117 podtes
927 4049 976 4102 ont
986 4043 1027 4102 dit
1038 4044 1086 4100 des
1099 4041 1195 4116 Dieuc,

129 4157 160 4201 ce
180 4149 244 4200 sont
268 4144 318 4200 des
339 4143 467 4202 discours
485 4143 623 4201 d'eniants
643 4158 677 4201 cn
698 4145 888 4216 comparaison
909 4144 942 4200 de
964 4155 996 4199 ce
1015 4154 1142 4201 rnorcaau
1162 4142 1196 4199 dc

129 4241 262 4298 lucain.»
277 4241 434 4314 (Vourtmu.
450 4245 523 4297 Dici.
534 4241 651 4313 pallos„
665 4247 716 4299 art.
732 4231 864 4318 lipopdc.)
