3042 5086
655 543 702 617 ut

190 685 400 783 Diligentius
426 695 544 762 tamen
571 710 646 763 rem
674 688 909 764 consideranti
939 688 1058 762 minus
1087 685 1211 762 litteris

141 805 298 881 obfuisse
316 826 423 903 quem
449 806 620 902 profuisse
646 807 837 882 stoicorum
856 805 1079 905 disciplinam
1097 805 1213 879 mani·

141 928 271 1002 festum
290 938 352 1001 est.
370 927 460 1000 Nam
480 927 602 1003 litterae
617 930 672 1004 bis
688 930 758 1006 sere
772 928 992 1028 temporibus
1008 927 1211 1025 viguerunt,

142 1073 255 1149 quum
280 1052 458 1149 antiquius
476 1053 570 1150 quod
589 1053 765 1144 dicerent,
790 1077 896 1152 quam
915 1052 1092 1152 quomodo
1116 1050 1211 1127 dice-

140 1185 236 1264 rent,
261 1175 449 1273 scriptores
472 1176 682 1251 babuerunt.
709 1175 816 1274 Atqui
842 1175 1004 1250 homines
1024 1171 1101 1272 jetn'
1122 1183 1211 1249 totos

141 1294 256 1368 verbis
276 1293 409 1368 deditos
437 1294 598 1369 Porticus
625 1294 669 1368 ad
696 1318 751 1370 res
780 1295 965 1385 revocavit,
993 1293 1121 1392 quibus
1139 1315 1210 1368 non

141 1413 330 1512 subjectis,
350 1413 453 1488 verbe
479 1413 584 1489 inane
604 1414 782 1512 quoddam
809 1425 949 1505 sonant,
968 1414 1061 1512 quod
1079 1435 1208 1512 puero·

143 1559 226 1610 rum
239 1535 375 1633 impetu
388 1537 498 1634 megis
508 1559 616 1635 quam
630 1536 786 1612 virorum
798 1537 931 1636 judicio
947 1535 1206 1634 comprobetur.

146 1657 206 1730 Sic
225 1657 411 1732 christiana
430 1659 571 1757 religio,
591 1681 673 1734 cum
697 1659 823 1758 pegeni
846 1671 1022 1750 auctores,
1041 1659 1211 1756 neglectis
1299 1659 1308 1666 ’

146 1779 310 1853 omnibus
336 1803 415 1877 quee
442 1782 485 1855 ad
513 1804 569 1856 res
596 1781 688 1882 ipses
715 1783 944 1880 pertinerent,
963 1784 1007 1857 de
1024 1781 1211 1859 verborum

143 1906 398 2004 significatione
435 1905 511 1980 sine
540 1906 611 1980 fine
646 1906 857 1982 dissererent
888 1916 922 1982 et
950 1905 1211 2005 interpretanda

142 2033 237 2112 circa
261 2030 427 2105 vocabule
457 2053 595 2129 semper
619 2042 857 2124 morarentur,
883 2054 938 2107 res
964 2042 999 2107 et
1022 2031 1212 2106 sententias

121 2155 209 2240 ,sibi
228 2153 396 2251 sumpsit,
415 2153 612 2252 animisque
629 2166 663 2229 et
680 2155 858 2232 mentibus
876 2177 1000 2229 novam
1019 2175 1081 2253 per
1104 2152 1211 2227 disci-

140 2275 278 2374 plinam
296 2274 484 2364 renovatis,
503 2273 557 2348 his
576 2272 681 2348 veluti
709 2297 728 2348 e
755 2273 910 2349 lontibus
937 2295 1032 2347 nove
1052 2282 1086 2348 et
1102 2270 1211 2346 ubera

141 2398 340 2472 litterarum
359 2396 502 2472 deduxit
518 2419 656 2494 genera.
677 2397 704 2470 E
723 2395 935 2472 sublimibus
953 2395 1049 2470 enim
1071 2404 1212 2470 senten-

143 2518 202 2591 tiis
220 2517 467 2614 generosisque
491 2539 530 2590 ex
557 2516 758 2604 aflectibus,
783 2515 899 2614 potius
927 2539 1033 2614 quam
1058 2514 1212 2590 extendi

141 2639 332 2715 verborum
347 2662 430 2715 cura
449 2640 573 2716 litterae
590 2638 673 2713 oriri
689 2649 723 2714 et
740 2662 904 2714 emanere
922 2639 1046 2715 solent.

192 2763 389 2861 Siquando
414 2763 515 2838 stoici
543 2762 584 2837 de
610 2762 707 2860 poesi
725 2772 759 2838 et
783 2761 981 2859 eloquentia
1005 2762 1109 2859 paulo
1126 2760 1213 2836 libe·

144 2886 218 2960 rius
234 2885 506 2974 maledixerunt,
522 2894 700 2958 tantorum
716 2884 869 2959 virorum
883 2883 986 2959 verba
1000 2884 1042 2958 ed
1062 2883 1212 2958 litteram

143 3010 366 3107 interpretari
385 3008 516 3097 nolim,
541 3009 602 3083 sed
628 3031 666 3082 ee
684 3007 787 3082 velim
806 3007 982 3082 mitiorem
1001 3004 1037 3080 i'n
1056 3017 1213 3104 partem,

142 3143 183 3206 nt
198 3133 237 3205 fit
256 3154 339 3206 cum
354 3132 396 3206 de
411 3130 538 3206 nostris
559 3130 689 3226 agitur,
704 3129 928 3227 potissimum
943 3127 1111 3224 accipere.
1126 3126 1212 3212 Quis

143 3274 303 3349 unquam
321 3252 356 3325 in
375 3251 614 3348 eloquentiam
627 3259 748 3324 sancto
763 3248 874 3323 Paulo
893 3246 1132 3321 vehementius
1154 3245 1211 3318 in-

144 3383 264 3446 vectus
289 3371 363 3446 est‘l
380 3371 464 3457 Quis
484 3371 677 3470 majoribus
704 3368 841 3468 probris
864 3367 1056 3441 humanam
1076 3366 1214 3463 sepien-

144 3494 230 3569 tium
248 3507 301 3570 est
327 3494 543 3570 insectatus?
560 3492 700 3568 Nemini
725 3500 844 3566 temen
862 3489 955 3564 venit
978 3488 1014 3562 in
1038 3498 1214 3578 mentem,

145 3635 207 3688 seu
237 3637 407 3712 magnum
435 3615 537 3688 illum
563 3613 692 3701 virum,
712 3634 773 3686 seu
799 3579 920 3685 Pbtres
946 3607 1132 3699 Ecclesiae,
1151 3631 1214 3683 seu

146 3754 308 3817 nostrum
326 3744 443 3842 ipsum
462 3741 704 3829 Bcssuctium,
722 3738 824 3836 cujus
842 3739 877 3811 in
897 3736 1114 3811 orationibus
1133 3736 1214 3810 talia

147 3863 295 3936 crimina
314 3862 440 3960 saepius
459 3861 630 3935 iterantur
654 3870 687 3934 et
705 3868 885 3947 resonant,
902 3878 985 3931 cum
1010 3855 1125 3929 omnis
1143 3854 1213 3929 hu-

143 3986 326 4072 manitatis
339 3999 374 4061 et
385 3986 499 4061 cultus
513 4007 647 4073 osores,
660 3995 737 4057 tum
750 3980 944 4081 praesertim
955 3978 1094 4054 dicendi
1110 3989 1214 4075 etque

146 4109 364 4205 intelligendi
383 4109 516 4184 artibus
535 4107 699 4182 inimicos
717 4106 927 4180 existimare.
943 4102 1090 4191 Omnes,
1108 4102 1215 4200 idque

148 4256 218 4307 non
236 4231 381 4330 injurie,
401 4231 455 4305 bis
480 4232 515 4304 in
541 4227 875 4327 reprehensionibus
890 4225 1024 4312 vident,
1044 4225 1139 4322 quod
1159 4249 1214 4300 res
