3002 5084
808 431 856 506 96

297 577 363 666 cit,
378 575 498 652 ludere
510 577 630 667 vellet,
646 575 762 654 neseio
779 599 823 650 au
838 576 998 650 latiorem
1014 576 1159 651 baberet
1173 601 1367 677 campum,

295 701 332 776 in
351 726 420 801 quo
438 704 620 800 ingenium
638 712 756 802 posset
777 701 957 778 exsultare.
978 701 1079 787 Quod
1106 702 1193 777 mihi
1215 703 1311 778 venit
1325 704 1387 776 ins

295 835 471 914 mentem,
487 823 766 900 illustrissimum
784 823 875 898 inter
892 834 1029 898 nostros
1053 822 1261 934 scriptores,
1274 824 1366 898 Pas-

296 948 427 1024 calium
442 948 725 1047 pervolventi,-et
741 969 823 1024 eum
841 946 955 1046 operis
969 948 1088 1021 locum
1103 945 1288 1043 relegenti,
1300 946 1365 1021 ubi

295 1094 421 1169 regum
440 1071 623 1162 satellites,
638 1070 831 1146 imitatione
854 1069 964 1144 nimia
983 1079 1017 1144 et
1037 1070 1081 1144 ad
1105 1070 1296 1144 movendos
1314 1068 1366 1144 le-

295 1193 455 1290 gentium
474 1192 565 1267 risus
584 1203 684 1290 apta,
701 1189 873 1290 depingit,
887 1188 975 1264 facie
990 1189 1188 1265 rubicunda
1206 1200 1241 1264 et
1255 1189 1365 1265 armis
1485 1275 1486 1284 Ν

295 1316 495 1392 minacibus
512 1315 730 1404 incedentes
749 1313 991 1412 populumque
1009 1313 1109 1404 iacit,
1123 1335 1223 1389 sacra
1241 1311 1364 1388 imbu-
1485 1377 1486 1426 ὲ

296 1450 372 1514 tum
390 1437 597 1528 iormidine,
613 1438 847 1536 stupentem&
864 1435 997 1514 Eadem
1011 1458 1118 1536 prope
1132 1435 1365 1511 dissimilibus

294 1561 409 1637 verbis
427 1561 595 1659 expressit
614 1569 736 1636 auctor
754 1583 825 1635 non
843 1560 1027 1651 sordidus,
1046 1559 1106 1657 qui
1132 1581 1246 1658 nuper
1263 1557 1363 1632 vixit:

298 1683 519 1772 «infantem,
544 1682 674 1779 inquit,
697 1681 767 1757 vidi
791 1682 988 1779 vagientem
1009 1692 1044 1758 et
1066 1681 1288 1772 salivantem,
1315 1703 1365 1758 se·

297 1829 429 1905 aesque
449 1805 634 1882 dominum
651 1827 733 1880 eum
749 1783 963 1904 appellantes
976 1807 1033 1880 2.»

343 1929 420 2004 Alio
438 1929 475 2004 in
495 1929 572 2006 loeo
597 1928 798 2020 Pascaiius,
825 1939 943 2006 emoto
971 1927 1071 2018 ludo,
1093 1927 1274 2005 contendit
1295 1927 1363 2003 ho·
1485 1961 1486 1966 Ν

295 2053 384 2128 mini
402 2053 605 2128 doctissimo
629 2062 664 2128 et
688 2053 820 2151 optimo
846 2076 952 2129 suum
980 2075 1056 2130 esse
1074 2075 1239 2151 regnum,
1257 2049 1363 2150 idque

295 2175 392 2251 omni
407 2173 562 2250 terrestri
577 2195 686 2270 regno
700 2173 922 2274 praestantius
935 2185 969 2251 et
981 2175 1078 2274 quod
1091 2173 1189 2250 nulla
1203 2195 1362 2271 unquam
1485 2193 1486 2246 3

295 2300 447 2397 vulgaris
465 2299 653 2399 cujuslibet
665 2300 805 2399 imperii
818 2300 1015 2397 adaequabit
1026 2300 1189 2399 majestas
1201 2302 1225 2372 ³.
1241 2299 1363 2396 Itaque
1485 2393 1486 2402 ,

295 2421 338 2494 ad
369 2419 604 2512 Christinam,
634 2421 829 2496 Suecorum
860 2400 1034 2517 reginam,
1066 2441 1146 2495 cum
1177 2418 1362 2510 scriberet,
1485 2419 1486 2458 ³

294 2561 373 2614 eam
391 2561 462 2614 non
480 2561 582 2614 secus
597 2562 639 2616 ac
654 2563 718 2638 par
736 2562 858 2638 parem
875 2539 1048 2615 allocutus
1064 2550 1133 2630 est,
1152 2548 1192 2614 ut
1209 2538 1271 2637 qui
1289 2559 1361 2612 non

293 2661 412 2738 minus
427 2685 535 2760 quam
559 2685 599 2740 ea
617 2663 782 2740 acumine
799 2663 944 2755 valeret,
964 2673 999 2740 et
1024 2685 1102 2741 eam
1119 2663 1232 2741 multo
1249 2662 1362 2761 majo·

334 2931 430 2994 'aces
451 2939 565 3006 trognes
584 2933 691 2994 armeus
704 2936 751 3008 qui
772 2934 850 2993 u'ont
869 2933 903 2992 de
924 2933 1013 2992 mains
1032 2938 1061 2991 et
1075 2932 1110 2991 de
1124 2933 1200 2992 force
1219 2947 1273 3006 que
1292 2947 1363 3006 pour

293 3046 358 3102 eur,
378 3029 421 3087 les
436 3034 599 3101 trompettes
614 3035 642 3088 et
660 3029 702 3087 les
716 3028 858 3087 tambours
872 3029 920 3100 qui
933 3027 1076 3084 marobeut
1092 3027 1253 3100 auderunt,
1269 3033 1297 3084 et
1316 3041 1362 3085 ces

291 3126 400 3198 legions
414 3127 461 3198 qui
473 3125 515 3183 les
527 3127 709 3184 environnent
720 3125 781 3182 font
799 3124 931 3183 trembier
943 3125 985 3182 les
999 3125 1063 3196 plus
1076 3123 1186 3182 fermes.
1206 3125 1227 3182 il
1242 3124 1363 3182 faudrait

292 3221 369 3278 avoir
383 3234 436 3277 une
449 3221 543 3277 raison
559 3220 623 3278 bien
637 3219 737 3292 epuree
753 3235 824 3292 pour
840 3220 970 3292 regarder
983 3235 1089 3279 comme
1105 3236 1141 3279 un
1154 3225 1234 3278 autre
1253 3221 1361 3278 homme
1485 3271 1486 3302 ,

292 3319 321 3375 ie
335 3317 426 3376 Grand
442 3318 575 3389 seigneur
588 3314 753 3390 environnd,
767 3318 837 3375 dans
856 3331 906 3375 sou
920 3318 1038 3390 superbe
1058 3317 1158 3391 serait,
1174 3319 1209 3377 de
1228 3323 1360 3390 quaranre

292 3411 367 3469 mille
378 3411 574 3472 tanissaires.n
590 3411 706 3485 (Pascal.
722 3399 800 3470 Peos.
815 3400 886 3472 init.
901 3415 1001 3485 flavet,
1014 3427 1041 3484 p.
1055 3411 1111 3485 35.)

328 3505 523 3562 ²Lamennais.

328 3601 340 3643 ³
355 3602 397 3660 «ii
412 3617 457 3675 pa
476 3603 546 3660 dans
559 3617 591 3660 oe
607 3603 707 3661 monde
723 3604 796 3662 deux
815 3608 905 3662 sortes
918 3605 952 3662 de
965 3604 1135 3676 grandeurs3
1154 3618 1201 3661 aar
1213 3602 1232 3660 il
1246 3616 1292 3674 ya
1311 3603 1359 3660 des

292 3698 446 3772 grandeurs
468 3695 704 3755 d’ltabiissemeui
728 3703 755 3755 et
780 3698 830 3756 des
852 3699 1005 3770 grandeurs
1028 3697 1209 3755 naturales.»
1236 3695 1357 3769 (Pascal,

292 3807 320 3864 p.
334 3791 409 3864 tit.)

331 3892 424 3949 ‹riout
436 3890 529 3948 l’tclat
547 3889 597 3946 des
610 3890 764 3962 grandeurs
778 3891 822 3947 u'a
840 3892 919 3962 point
933 3891 967 3948 de
982 3890 1068 3948 tustre
1085 3903 1157 3962 pour
1169 3889 1211 3946 les
1228 3901 1299 3960 gens
1313 3887 1359 3958 qui

294 3989 358 4042 sont
371 3985 440 4043 dans
452 3985 494 4042 les
505 3983 671 4043 recherches
680 3985 714 4042 de
725 3985 840 4057 l’esprit.
854 3987 890 4044 La
900 3985 1038 4062 grandeur
1050 3985 1099 4042 des
1109 3999 1178 4056 gens
1190 3984 1306 4056 d’esprii
1317 3987 1360 4040 est

292 4080 418 4138 invisible
431 4095 485 4138 aux
498 4080 572 4152 rois,
586 4095 641 4140 aux
653 4082 759 4156 ricbes,
779 4097 833 4141 aur
844 4083 1012 4155 eapitaiues,
1027 4085 1043 4139 a
1062 4087 1126 4140 tous
1144 4098 1192 4142 ces
1209 4082 1313 4154 grands
1326 4079 1357 4137 de

293 4175 400 4236 chaino
421 4175 487 4249 (id,
500 4190 527 4250 pt
539 4176 615 4243 tii.)
