<?xml version="1.0" encoding="UTF-8"?>
<!DOCTYPE html PUBLIC "-//W3C//DTD XHTML 1.0 Transitional//EN"
    "http://www.w3.org/TR/xhtml1/DTD/xhtml1-transitional.dtd">
<html xmlns="http://www.w3.org/1999/xhtml" xml:lang="en" lang="en">
 <head>
  <title>
</title>
<meta http-equiv="Content-Type" content="text/html;charset=utf-8" />
  <meta name='ocr-system' content='tesseract 3.04.00' />
  <meta name='ocr-capabilities' content='ocr_page ocr_carea ocr_par ocr_line ocrx_word'/>
</head>
<body>
  <div class='ocr_page' id='page_1' title='image "./destoicadiscipl01ferrgoog_0059.png"; bbox 0 0 3042 5086; ppageno 0'>
   <div class='ocr_carea' id='block_1_1' title="bbox 792 478 922 553">
    <p class='ocr_par' dir='ltr' id='par_1_1' title="bbox 792 478 922 553">
     <span class='ocr_line' id='line_1_1' title="bbox 792 478 922 553; baseline -0.008 0"><span class='ocrx_word' id='word_1_1' title='bbox 792 478 922 553; x_wconf 77' lang='grc' dir='ltr'>Ι46</span> 
     </span>
    </p>
   </div>
   <div class='ocr_carea' id='block_1_2' title="bbox 469 620 1245 791">
    <p class='ocr_par' dir='ltr' id='par_1_2' title="bbox 469 620 1245 791">
     <span class='ocr_line' id='line_1_2' title="bbox 469 620 1245 694; baseline -0.008 -12"><span class='ocrx_word' id='word_1_2' title='bbox 469 623 529 682; x_wconf 91' lang='lat' dir='ltr'>Non</span> <span class='ocrx_word' id='word_1_3' title='bbox 543 623 612 680; x_wconf 89' lang='lat' dir='ltr'>satis</span> <span class='ocrx_word' id='word_1_4' title='bbox 625 626 669 678; x_wconf 90' lang='lat' dir='ltr'>est</span> <span class='ocrx_word' id='word_1_5' title='bbox 682 621 796 693; x_wconf 89' lang='lat' dir='ltr'>pulchra</span> <span class='ocrx_word' id='word_1_6' title='bbox 809 636 871 678; x_wconf 91' lang='lat' dir='ltr'>esse</span> <span class='ocrx_word' id='word_1_7' title='bbox 886 625 1025 694; x_wconf 77' lang='lat' dir='ltr'>poemata,</span> <span class='ocrx_word' id='word_1_8' title='bbox 1039 620 1131 678; x_wconf 89' lang='lat' dir='ltr'>dulcia</span> <span class='ocrx_word' id='word_1_9' title='bbox 1148 625 1245 692; x_wconf 89' lang='lat' dir='ltr'>sunto,</span> 
     </span>
     <span class='ocr_line' id='line_1_3' title="bbox 469 719 1193 791; baseline -0.001 -15"><span class='ocrx_word' id='word_1_10' title='bbox 469 719 502 776; x_wconf 83' lang='lat' dir='ltr'>Et</span> <span class='ocrx_word' id='word_1_11' title='bbox 513 731 680 790; x_wconf 77' lang='lat' dir='ltr'>quoscunque</span> <span class='ocrx_word' id='word_1_12' title='bbox 693 719 786 777; x_wconf 86' lang='lat' dir='ltr'>volent</span> <span class='ocrx_word' id='word_1_13' title='bbox 799 719 919 778; x_wconf 89' lang='lat' dir='ltr'>animum</span> <span class='ocrx_word' id='word_1_14' title='bbox 932 719 1067 777; x_wconf 84' lang='lat' dir='ltr'>auditoris</span> <span class='ocrx_word' id='word_1_15' title='bbox 1080 721 1193 791; x_wconf 79' lang='lat' dir='ltr'>agunto.</span> 
     </span>
    </p>
   </div>
   <div class='ocr_carea' id='block_1_3' title="bbox 314 924 1440 1276">
    <p class='ocr_par' dir='ltr' id='par_1_3' title="bbox 314 924 1440 1276">
     <span class='ocr_line' id='line_1_4' title="bbox 411 924 1440 1027; baseline -0.001 -27"><span class='ocrx_word' id='word_1_16' title='bbox 411 925 595 1012; x_wconf 84' lang='lat' dir='ltr'>Quomodo</span> <span class='ocrx_word' id='word_1_17' title='bbox 610 925 688 1017; x_wconf 89' lang='lat' dir='ltr'>ille,</span> <span class='ocrx_word' id='word_1_18' title='bbox 713 926 757 1001; x_wconf 90' lang='lat' dir='ltr'>de</span> <span class='ocrx_word' id='word_1_19' title='bbox 780 949 850 1027; x_wconf 90' lang='lat' dir='ltr'>quo</span> <span class='ocrx_word' id='word_1_20' title='bbox 868 926 1066 1026; x_wconf 86' lang='lat' dir='ltr'>loquimur,</span> <span class='ocrx_word' id='word_1_21' title='bbox 1085 925 1216 1001; x_wconf 88' lang='lat' dir='ltr'>stoicus</span> <span class='ocrx_word' id='word_1_22' title='bbox 1237 924 1272 999; x_wconf 93' lang='lat' dir='ltr'>in</span> <span class='ocrx_word' id='word_1_23' title='bbox 1291 924 1440 999; x_wconf 77' lang='lat' dir='ltr'>tristitia</span> 
     </span>
     <span class='ocr_line' id='line_1_5' title="bbox 314 1049 1440 1148; baseline -0.002 -22"><span class='ocrx_word' id='word_1_24' title='bbox 314 1091 316 1099; x_wconf 30' lang='grc' dir='ltr'>ψ</span> <span class='ocrx_word' id='word_1_25' title='bbox 363 1059 423 1126; x_wconf 93' lang='lat' dir='ltr'>aut</span> <span class='ocrx_word' id='word_1_26' title='bbox 435 1049 583 1148; x_wconf 82' lang='lat' dir='ltr'>gaudio,</span> <span class='ocrx_word' id='word_1_27' title='bbox 600 1051 636 1126; x_wconf 91' lang='lat' dir='ltr'>in</span> <span class='ocrx_word' id='word_1_28' title='bbox 651 1050 891 1128; x_wconf 82' lang='lat' dir='ltr'>misericordia</span> <span class='ocrx_word' id='word_1_29' title='bbox 910 1063 970 1129; x_wconf 88' lang='lat' dir='ltr'>aut</span> <span class='ocrx_word' id='word_1_30' title='bbox 983 1051 1033 1126; x_wconf 91' lang='lat' dir='ltr'>ira</span> <span class='ocrx_word' id='word_1_31' title='bbox 1051 1049 1290 1148; x_wconf 86' lang='lat' dir='ltr'>significandis</span> <span class='ocrx_word' id='word_1_32' title='bbox 1309 1073 1440 1124; x_wconf 90' lang='lat' dir='ltr'>nume·</span> 
     </span>
     <span class='ocr_line' id='line_1_6' title="bbox 362 1175 1439 1276; baseline 0 -26"><span class='ocrx_word' id='word_1_33' title='bbox 362 1183 472 1273; x_wconf 89' lang='lat' dir='ltr'>roque</span> <span class='ocrx_word' id='word_1_34' title='bbox 498 1175 633 1275; x_wconf 88' lang='lat' dir='ltr'>poetico</span> <span class='ocrx_word' id='word_1_35' title='bbox 662 1177 941 1276; x_wconf 81' lang='lat' dir='ltr'>constringendis</span> <span class='ocrx_word' id='word_1_36' title='bbox 966 1176 1220 1254; x_wconf 78' lang='lat' dir='ltr'>delectabitur?</span> <span class='ocrx_word' id='word_1_37' title='bbox 1247 1175 1439 1262; x_wconf 84' lang='lat' dir='ltr'>Quomodo</span> 
     </span>
    </p>
   </div>
   <div class='ocr_carea' id='block_1_4' title="bbox 363 1295 1513 1395">
    <p class='ocr_par' dir='ltr' id='par_1_4' title="bbox 363 1295 1513 1395">
     <span class='ocr_line' id='line_1_7' title="bbox 363 1295 1513 1395; baseline -0.002 -25"><span class='ocrx_word' id='word_1_38' title='bbox 363 1295 548 1372; x_wconf 89' lang='lat' dir='ltr'>conabitur</span> <span class='ocrx_word' id='word_1_39' title='bbox 565 1307 598 1371; x_wconf 86' lang='lat' dir='ltr'>et</span> <span class='ocrx_word' id='word_1_40' title='bbox 616 1297 742 1373; x_wconf 81' lang='lat' dir='ltr'>efficiet</span> <span class='ocrx_word' id='word_1_41' title='bbox 757 1308 797 1372; x_wconf 91' lang='lat' dir='ltr'>nt</span> <span class='ocrx_word' id='word_1_42' title='bbox 814 1320 883 1395; x_wconf 92' lang='lat' dir='ltr'>quo</span> <span class='ocrx_word' id='word_1_43' title='bbox 901 1297 981 1394; x_wconf 85' lang='lat' dir='ltr'>igne</span> <span class='ocrx_word' id='word_1_44' title='bbox 1005 1296 1114 1395; x_wconf 91' lang='lat' dir='ltr'>ipsius</span> <span class='ocrx_word' id='word_1_45' title='bbox 1133 1296 1271 1370; x_wconf 92' lang='lat' dir='ltr'>animus</span> <span class='ocrx_word' id='word_1_46' title='bbox 1289 1297 1439 1385; x_wconf 87' lang='lat' dir='ltr'>arserit,</span> <span class='ocrx_word' id='word_1_47' title='bbox 1512 1339 1513 1380; x_wconf 64' lang='lat'>3</span> 
     </span>
    </p>
   </div>
   <div class='ocr_carea' id='block_1_5' title="bbox 364 1417 1439 1518">
    <p class='ocr_par' dir='ltr' id='par_1_5' title="bbox 364 1417 1439 1518">
     <span class='ocr_line' id='line_1_8' title="bbox 364 1417 1439 1518; baseline -0.001 -27"><span class='ocrx_word' id='word_1_48' title='bbox 364 1417 513 1493; x_wconf 89' lang='lat' dir='ltr'>aliorum</span> <span class='ocrx_word' id='word_1_49' title='bbox 532 1441 672 1518; x_wconf 86' lang='lat' dir='ltr'>quoque</span> <span class='ocrx_word' id='word_1_50' title='bbox 693 1420 801 1495; x_wconf 93' lang='lat' dir='ltr'>animi</span> <span class='ocrx_word' id='word_1_51' title='bbox 824 1421 990 1511; x_wconf 90' lang='lat' dir='ltr'>ardeant,</span> <span class='ocrx_word' id='word_1_52' title='bbox 1009 1420 1038 1494; x_wconf 93' lang='lat' dir='ltr'>si</span> <span class='ocrx_word' id='word_1_53' title='bbox 1062 1441 1183 1495; x_wconf 91' lang='lat' dir='ltr'>omnes</span> <span class='ocrx_word' id='word_1_54' title='bbox 1207 1419 1352 1492; x_wconf 86' lang='lat' dir='ltr'>allectus</span> <span class='ocrx_word' id='word_1_55' title='bbox 1375 1440 1439 1516; x_wconf 93' lang='lat' dir='ltr'>pro</span> 
     </span>
    </p>
   </div>
   <div class='ocr_carea' id='block_1_6' title="bbox 253 1529 1513 2005">
    <p class='ocr_par' dir='ltr' id='par_1_6' title="bbox 253 1529 1513 2005">
     <span class='ocr_line' id='line_1_9' title="bbox 364 1529 1513 1642; baseline 0 -33"><span class='ocrx_word' id='word_1_56' title='bbox 364 1537 454 1611; x_wconf 91' lang='lat' dir='ltr'>vitiis</span> <span class='ocrx_word' id='word_1_57' title='bbox 474 1537 652 1642; x_wconf 82' lang='lat' dir='ltr'>habuerit,</span> <span class='ocrx_word' id='word_1_58' title='bbox 667 1550 705 1638; x_wconf 89' lang='lat' dir='ltr'>et</span> <span class='ocrx_word' id='word_1_59' title='bbox 729 1561 787 1614; x_wconf 88' lang='lat' dir='ltr'>eos</span> <span class='ocrx_word' id='word_1_60' title='bbox 812 1540 955 1615; x_wconf 88' lang='lat' dir='ltr'>morbos</span> <span class='ocrx_word' id='word_1_61' title='bbox 979 1537 1225 1615; x_wconf 87' lang='lat' dir='ltr'>existimaverit</span> <span class='ocrx_word' id='word_1_62' title='bbox 1246 1561 1287 1612; x_wconf 89' lang='lat' dir='ltr'>ex</span> <span class='ocrx_word' id='word_1_63' title='bbox 1310 1536 1439 1636; x_wconf 92' lang='lat' dir='ltr'>optimi</span> <span class='ocrx_word' id='word_1_64' title='bbox 1512 1529 1513 1624; x_wconf 68' lang='lat' dir='ltr'>l</span> 
     </span>
     <span class='ocr_line' id='line_1_10' title="bbox 363 1641 1435 1760; baseline -0.002 -26"><span class='ocrx_word' id='word_1_65' title='bbox 363 1660 535 1758; x_wconf 88' lang='lat' dir='ltr'>cujusque</span> <span class='ocrx_word' id='word_1_66' title='bbox 552 1641 670 1735; x_wconf 90' lang='lat' dir='ltr'>mente</span> <span class='ocrx_word' id='word_1_67' title='bbox 695 1663 941 1760; x_wconf 75' lang='lat' dir='ltr'>expellendos‘.l</span> <span class='ocrx_word' id='word_1_68' title='bbox 957 1661 1011 1736; x_wconf 82' lang='lat' dir='ltr'>Ad</span> <span class='ocrx_word' id='word_1_69' title='bbox 1028 1661 1174 1759; x_wconf 82' lang='lat' dir='ltr'>grandia</span> <span class='ocrx_word' id='word_1_70' title='bbox 1198 1683 1339 1759; x_wconf 88' lang='lat' dir='ltr'>semper</span> <span class='ocrx_word' id='word_1_71' title='bbox 1354 1659 1435 1734; x_wconf 92' lang='lat' dir='ltr'>eni-</span> 
     </span>
     <span class='ocr_line' id='line_1_11' title="bbox 364 1780 1513 1882; baseline 0 -28"><span class='ocrx_word' id='word_1_72' title='bbox 364 1803 440 1871; x_wconf 90' lang='lat' dir='ltr'>sus,</span> <span class='ocrx_word' id='word_1_73' title='bbox 458 1780 518 1855; x_wconf 92' lang='lat' dir='ltr'>illa</span> <span class='ocrx_word' id='word_1_74' title='bbox 533 1804 616 1855; x_wconf 90' lang='lat' dir='ltr'>sane</span> <span class='ocrx_word' id='word_1_75' title='bbox 634 1781 822 1880; x_wconf 88' lang='lat' dir='ltr'>aliquando</span> <span class='ocrx_word' id='word_1_76' title='bbox 839 1795 1094 1881; x_wconf 79' lang='lat' dir='ltr'>consequetur3</span> <span class='ocrx_word' id='word_1_77' title='bbox 1113 1782 1279 1882; x_wconf 87' lang='lat' dir='ltr'>pulchra,</span> <span class='ocrx_word' id='word_1_78' title='bbox 1299 1805 1381 1880; x_wconf 89' lang='lat' dir='ltr'>quae</span> <span class='ocrx_word' id='word_1_79' title='bbox 1401 1782 1436 1854; x_wconf 91' lang='lat' dir='ltr'>in</span> <span class='ocrx_word' id='word_1_80' title='bbox 1512 1807 1513 1876; x_wconf 60' lang='lat' dir='ltr'>p</span> 
     </span>
     <span class='ocr_line' id='line_1_12' title="bbox 253 1906 1435 2005; baseline 0.005 -29"><span class='ocrx_word' id='word_1_81' title='bbox 253 1991 260 2005; x_wconf 31' lang='grc' dir='ltr'><em>ι</em></span> <span class='ocrx_word' id='word_1_82' title='bbox 364 1927 483 1978; x_wconf 87' lang='lat' dir='ltr'>rerum</span> <span class='ocrx_word' id='word_1_83' title='bbox 513 1906 765 2004; x_wconf 84' lang='lat' dir='ltr'>temperatione</span> <span class='ocrx_word' id='word_1_84' title='bbox 800 1917 980 1999; x_wconf 88' lang='lat' dir='ltr'>constant,</span> <span class='ocrx_word' id='word_1_85' title='bbox 1012 1907 1146 1999; x_wconf 84' lang='lat' dir='ltr'>rarius3</span> <span class='ocrx_word' id='word_1_86' title='bbox 1180 1917 1324 1982; x_wconf 89' lang='lat' dir='ltr'>venusta</span> <span class='ocrx_word' id='word_1_87' title='bbox 1353 1930 1435 1982; x_wconf 89' lang='lat' dir='ltr'>vcro</span> 
     </span>
    </p>
   </div>
   <div class='ocr_carea' id='block_1_7' title="bbox 366 1941 1513 2125">
    <p class='ocr_par' dir='ltr' id='par_1_7' title="bbox 366 1941 1513 2136">
     <span class='ocr_line' id='line_1_13' title="bbox 1512 1941 1513 1998; baseline 0 0"><span class='ocrx_word' id='word_1_88' title='bbox 1512 1941 1513 1998; x_wconf 86' lang='lat' dir='ltr'>l</span> 
     </span>
     <span class='ocr_line' id='line_1_14' title="bbox 366 2026 1435 2125; baseline 0.001 -27"><span class='ocrx_word' id='word_1_89' title='bbox 366 2048 570 2124; x_wconf 88' lang='lat' dir='ltr'>nunquam,</span> <span class='ocrx_word' id='word_1_90' title='bbox 593 2035 713 2124; x_wconf 89' lang='lat' dir='ltr'>utpote</span> <span class='ocrx_word' id='word_1_91' title='bbox 736 2047 815 2125; x_wconf 86' lang='lat' dir='ltr'>quae</span> <span class='ocrx_word' id='word_1_92' title='bbox 838 2026 938 2125; x_wconf 90' lang='lat' dir='ltr'>quasi</span> <span class='ocrx_word' id='word_1_93' title='bbox 961 2050 1023 2102; x_wconf 91' lang='lat' dir='ltr'>sua</span> <span class='ocrx_word' id='word_1_94' title='bbox 1048 2037 1170 2125; x_wconf 92' lang='lat' dir='ltr'>sponte</span> <span class='ocrx_word' id='word_1_95' title='bbox 1191 2036 1383 2102; x_wconf 91' lang='lat' dir='ltr'>nascantur</span> <span class='ocrx_word' id='word_1_96' title='bbox 1401 2036 1435 2100; x_wconf 92' lang='lat' dir='ltr'>et</span> 
     </span>
    </p>
   </div>
   <div class='ocr_carea' id='block_1_8' title="bbox 364 2147 1435 2347">
    <p class='ocr_par' dir='ltr' id='par_1_8' title="bbox 364 2147 1435 2347">
     <span class='ocr_line' id='line_1_15' title="bbox 364 2147 1435 2248; baseline -0.002 -26"><span class='ocrx_word' id='word_1_97' title='bbox 364 2147 516 2246; x_wconf 85' lang='lat' dir='ltr'>benigna</span> <span class='ocrx_word' id='word_1_98' title='bbox 550 2171 635 2224; x_wconf 89' lang='lat' dir='ltr'>vena</span> <span class='ocrx_word' id='word_1_99' title='bbox 669 2150 848 2247; x_wconf 89' lang='lat' dir='ltr'>profluant</span> <span class='ocrx_word' id='word_1_100' title='bbox 881 2151 1157 2248; x_wconf 86' lang='lat' dir='ltr'>stoicorumque¹</span> <span class='ocrx_word' id='word_1_101' title='bbox 1182 2150 1324 2248; x_wconf 85' lang='lat' dir='ltr'>ingenio</span> <span class='ocrx_word' id='word_1_102' title='bbox 1363 2148 1435 2222; x_wconf 89' lang='lat' dir='ltr'>sint</span> 
     </span>
     <span class='ocr_line' id='line_1_16' title="bbox 365 2272 717 2347; baseline 0.003 -1"><span class='ocrx_word' id='word_1_103' title='bbox 365 2272 516 2347; x_wconf 88' lang='lat' dir='ltr'>maxime</span> <span class='ocrx_word' id='word_1_104' title='bbox 532 2273 717 2347; x_wconf 86' lang='lat' dir='ltr'>contraria.</span> 
     </span>
    </p>
   </div>
   <div class='ocr_carea' id='block_1_9' title="bbox 364 2397 1513 2738">
    <p class='ocr_par' dir='ltr' id='par_1_9' title="bbox 364 2397 1513 2738">
     <span class='ocr_line' id='line_1_17' title="bbox 412 2397 1513 2496; baseline -0.001 -23"><span class='ocrx_word' id='word_1_105' title='bbox 412 2399 448 2473; x_wconf 91' lang='lat' dir='ltr'>Si</span> <span class='ocrx_word' id='word_1_106' title='bbox 468 2398 662 2496; x_wconf 87' lang='lat' dir='ltr'>sapientem</span> <span class='ocrx_word' id='word_1_107' title='bbox 689 2398 791 2473; x_wconf 92' lang='lat' dir='ltr'>illum</span> <span class='ocrx_word' id='word_1_108' title='bbox 820 2399 1014 2475; x_wconf 80' lang='lat' dir='ltr'>stoicorum</span> <span class='ocrx_word' id='word_1_109' title='bbox 1041 2423 1124 2476; x_wconf 90' lang='lat' dir='ltr'>cum</span> <span class='ocrx_word' id='word_1_110' title='bbox 1154 2397 1294 2474; x_wconf 88' lang='lat' dir='ltr'>Christo</span> <span class='ocrx_word' id='word_1_111' title='bbox 1313 2400 1434 2474; x_wconf 91' lang='lat' dir='ltr'>conse·</span> <span class='ocrx_word' id='word_1_112' title='bbox 1512 2411 1513 2472; x_wconf 76' lang='lat' dir='ltr'>l</span> 
     </span>
     <span class='ocr_line' id='line_1_18' title="bbox 364 2520 1513 2620; baseline 0 -27"><span class='ocrx_word' id='word_1_113' title='bbox 364 2521 484 2611; x_wconf 89' lang='lat' dir='ltr'>rendi,</span> <span class='ocrx_word' id='word_1_114' title='bbox 500 2544 606 2619; x_wconf 91' lang='lat' dir='ltr'>quem</span> <span class='ocrx_word' id='word_1_115' title='bbox 626 2531 744 2595; x_wconf 89' lang='lat' dir='ltr'>nostra</span> <span class='ocrx_word' id='word_1_116' title='bbox 761 2521 863 2596; x_wconf 89' lang='lat' dir='ltr'>nobis</span> <span class='ocrx_word' id='word_1_117' title='bbox 888 2521 1009 2618; x_wconf 85' lang='lat' dir='ltr'>religio</span> <span class='ocrx_word' id='word_1_118' title='bbox 1033 2520 1215 2620; x_wconf 92' lang='lat' dir='ltr'>proposuit</span> <span class='ocrx_word' id='word_1_119' title='bbox 1237 2521 1433 2618; x_wconf 88' lang='lat' dir='ltr'>exemplar,</span> <span class='ocrx_word' id='word_1_120' title='bbox 1512 2575 1513 2616; x_wconf 68' lang='lat'>,</span> 
     </span>
     <span class='ocr_line' id='line_1_19' title="bbox 364 2623 1513 2738; baseline 0.003 -29"><span class='ocrx_word' id='word_1_121' title='bbox 364 2639 462 2713; x_wconf 87' lang='lat' dir='ltr'>venia</span> <span class='ocrx_word' id='word_1_122' title='bbox 477 2640 669 2728; x_wconf 90' lang='lat' dir='ltr'>daretur,e</span> <span class='ocrx_word' id='word_1_123' title='bbox 688 2639 748 2713; x_wconf 90' lang='lat' dir='ltr'>tali</span> <span class='ocrx_word' id='word_1_124' title='bbox 766 2638 951 2715; x_wconf 89' lang='lat' dir='ltr'>collatione</span> <span class='ocrx_word' id='word_1_125' title='bbox 967 2641 1112 2715; x_wconf 85' lang='lat' dir='ltr'>forsitan</span> <span class='ocrx_word' id='word_1_126' title='bbox 1131 2651 1280 2738; x_wconf 88' lang='lat' dir='ltr'>pateret,</span> <span class='ocrx_word' id='word_1_127' title='bbox 1299 2651 1431 2737; x_wconf 93' lang='lat' dir='ltr'>quanto</span> <span class='ocrx_word' id='word_1_128' title='bbox 1512 2623 1513 2680; x_wconf 40' lang='grc' dir='ltr'><strong>ἶ</strong></span> 
     </span>
    </p>
   </div>
   <div class='ocr_carea' id='block_1_10' title="bbox 361 2761 1433 3110">
    <p class='ocr_par' dir='ltr' id='par_1_10' title="bbox 361 2761 1433 3110">
     <span class='ocr_line' id='line_1_20' title="bbox 363 2761 1433 2860; baseline 0.002 -25"><span class='ocrx_word' id='word_1_129' title='bbox 363 2761 442 2853; x_wconf 90' lang='lat' dir='ltr'>hic,</span> <span class='ocrx_word' id='word_1_130' title='bbox 468 2763 511 2837; x_wconf 91' lang='lat' dir='ltr'>ad</span> <span class='ocrx_word' id='word_1_131' title='bbox 542 2763 677 2838; x_wconf 88' lang='lat' dir='ltr'>animos</span> <span class='ocrx_word' id='word_1_132' title='bbox 707 2763 894 2838; x_wconf 91' lang='lat' dir='ltr'>bominum</span> <span class='ocrx_word' id='word_1_133' title='bbox 925 2764 1212 2853; x_wconf 89' lang='lat' dir='ltr'>commovendos,</span> <span class='ocrx_word' id='word_1_134' title='bbox 1243 2764 1355 2860; x_wconf 85' lang='lat' dir='ltr'>magis</span> <span class='ocrx_word' id='word_1_135' title='bbox 1388 2765 1433 2838; x_wconf 92' lang='lat' dir='ltr'>sit</span> 
     </span>
     <span class='ocr_line' id='line_1_21' title="bbox 362 2885 1429 2983; baseline 0 -24"><span class='ocrx_word' id='word_1_136' title='bbox 362 2908 469 2983; x_wconf 89' lang='lat' dir='ltr'>qnam</span> <span class='ocrx_word' id='word_1_137' title='bbox 485 2886 544 2961; x_wconf 91' lang='lat' dir='ltr'>ille</span> <span class='ocrx_word' id='word_1_138' title='bbox 558 2886 716 2963; x_wconf 88' lang='lat' dir='ltr'>idoneus.</span> <span class='ocrx_word' id='word_1_139' title='bbox 737 2886 837 2974; x_wconf 87' lang='lat' dir='ltr'>Quod</span> <span class='ocrx_word' id='word_1_140' title='bbox 855 2887 1003 2963; x_wconf 82' lang='lat' dir='ltr'>Flaccus</span> <span class='ocrx_word' id='word_1_141' title='bbox 1023 2888 1065 2962; x_wconf 93' lang='lat' dir='ltr'>de</span> <span class='ocrx_word' id='word_1_142' title='bbox 1084 2885 1340 2974; x_wconf 87' lang='lat' dir='ltr'>misericordia,</span> <span class='ocrx_word' id='word_1_143' title='bbox 1361 2886 1429 2960; x_wconf 92' lang='lat' dir='ltr'>hoc</span> 
     </span>
     <span class='ocr_line' id='line_1_22' title="bbox 361 3011 1342 3110; baseline -0.001 -25"><span class='ocrx_word' id='word_1_144' title='bbox 361 3011 404 3085; x_wconf 96' lang='lat' dir='ltr'>de</span> <span class='ocrx_word' id='word_1_145' title='bbox 422 3011 518 3087; x_wconf 91' lang='lat' dir='ltr'>omni</span> <span class='ocrx_word' id='word_1_146' title='bbox 538 3011 665 3088; x_wconf 88' lang='lat' dir='ltr'>meotis</span> <span class='ocrx_word' id='word_1_147' title='bbox 681 3012 826 3103; x_wconf 82' lang='lat' dir='ltr'>aflectu,</span> <span class='ocrx_word' id='word_1_148' title='bbox 847 3023 886 3087; x_wconf 92' lang='lat' dir='ltr'>ut</span> <span class='ocrx_word' id='word_1_149' title='bbox 900 3012 1042 3110; x_wconf 89' lang='lat' dir='ltr'>opinor,</span> <span class='ocrx_word' id='word_1_150' title='bbox 1061 3011 1251 3088; x_wconf 90' lang='lat' dir='ltr'>dicendum</span> <span class='ocrx_word' id='word_1_151' title='bbox 1270 3020 1342 3085; x_wconf 88' lang='lat' dir='ltr'>est:</span> 
     </span>
    </p>
   </div>
   <div class='ocr_carea' id='block_1_11' title="bbox 468 3261 1148 3432">
    <p class='ocr_par' dir='ltr' id='par_1_11' title="bbox 468 3261 1148 3432">
     <span class='ocr_line' id='line_1_23' title="bbox 474 3261 1148 3335; baseline -0.003 -15"><span class='ocrx_word' id='word_1_152' title='bbox 474 3304 664 3322; x_wconf 87' lang='grc'><strong>.....</strong></span> <span class='ocrx_word' id='word_1_153' title='bbox 684 3264 712 3322; x_wconf 86' lang='lat' dir='ltr'>st</span> <span class='ocrx_word' id='word_1_154' title='bbox 729 3263 771 3321; x_wconf 85' lang='lat' dir='ltr'>vis</span> <span class='ocrx_word' id='word_1_155' title='bbox 786 3275 828 3322; x_wconf 90' lang='lat' dir='ltr'>me</span> <span class='ocrx_word' id='word_1_156' title='bbox 841 3264 922 3335; x_wconf 89' lang='lat' dir='ltr'>tlere,</span> <span class='ocrx_word' id='word_1_157' title='bbox 937 3261 1086 3322; x_wconf 90' lang='lat' dir='ltr'>dolendum</span> <span class='ocrx_word' id='word_1_158' title='bbox 1102 3266 1148 3320; x_wconf 88' lang='lat' dir='ltr'>est</span> 
     </span>
     <span class='ocr_line' id='line_1_24' title="bbox 468 3359 733 3432; baseline 0.004 -15"><span class='ocrx_word' id='word_1_159' title='bbox 468 3359 587 3418; x_wconf 88' lang='lat' dir='ltr'>Primum</span> <span class='ocrx_word' id='word_1_160' title='bbox 603 3360 657 3432; x_wconf 89' lang='lat' dir='ltr'>ipsi</span> <span class='ocrx_word' id='word_1_161' title='bbox 670 3361 733 3418; x_wconf 87' lang='lat' dir='ltr'>tibi.</span> 
     </span>
    </p>
   </div>
   <div class='ocr_carea' id='block_1_12' title="bbox 363 3569 1427 3791">
    <p class='ocr_par' dir='ltr' id='par_1_12' title="bbox 363 3569 1427 3791">
     <span class='ocr_line' id='line_1_25' title="bbox 412 3569 1427 3670; baseline 0.004 -26"><span class='ocrx_word' id='word_1_162' title='bbox 412 3569 540 3646; x_wconf 84' lang='lat' dir='ltr'>Christi</span> <span class='ocrx_word' id='word_1_163' title='bbox 559 3572 637 3648; x_wconf 91' lang='lat' dir='ltr'>ideo</span> <span class='ocrx_word' id='word_1_164' title='bbox 656 3597 713 3648; x_wconf 91' lang='lat' dir='ltr'>me</span> <span class='ocrx_word' id='word_1_165' title='bbox 731 3584 871 3649; x_wconf 86' lang='lat' dir='ltr'>movent</span> <span class='ocrx_word' id='word_1_166' title='bbox 889 3574 1106 3650; x_wconf 87' lang='lat' dir='ltr'>acerbissimi</span> <span class='ocrx_word' id='word_1_167' title='bbox 1131 3572 1330 3664; x_wconf 78' lang='lat' dir='ltr'>cruciatuS,</span> <span class='ocrx_word' id='word_1_168' title='bbox 1350 3574 1427 3670; x_wconf 90' lang='lat' dir='ltr'>quia</span> 
     </span>
     <span class='ocr_line' id='line_1_26' title="bbox 363 3691 1426 3791; baseline 0.006 -30"><span class='ocrx_word' id='word_1_169' title='bbox 363 3691 451 3765; x_wconf 87' lang='lat' dir='ltr'>veris</span> <span class='ocrx_word' id='word_1_170' title='bbox 465 3693 644 3767; x_wconf 87' lang='lat' dir='ltr'>cruciatur</span> <span class='ocrx_word' id='word_1_171' title='bbox 665 3694 845 3770; x_wconf 92' lang='lat' dir='ltr'>doloribus</span> <span class='ocrx_word' id='word_1_172' title='bbox 861 3705 895 3769; x_wconf 90' lang='lat' dir='ltr'>et</span> <span class='ocrx_word' id='word_1_173' title='bbox 912 3717 971 3769; x_wconf 91' lang='lat' dir='ltr'>eos</span> <span class='ocrx_word' id='word_1_174' title='bbox 986 3717 1057 3769; x_wconf 92' lang='lat' dir='ltr'>non</span> <span class='ocrx_word' id='word_1_175' title='bbox 1080 3714 1180 3791; x_wconf 83' lang='lat' dir='ltr'>aeqno</span> <span class='ocrx_word' id='word_1_176' title='bbox 1203 3694 1320 3768; x_wconf 91' lang='lat' dir='ltr'>animo</span> <span class='ocrx_word' id='word_1_177' title='bbox 1339 3694 1426 3791; x_wconf 85' lang='lat' dir='ltr'>poti-</span> 
     </span>
    </p>
   </div>
   <div class='ocr_carea' id='block_1_13' title="bbox 363 3810 1513 4034">
    <p class='ocr_par' dir='ltr' id='par_1_13' title="bbox 363 3810 1513 4034">
     <span class='ocr_line' id='line_1_27' title="bbox 363 3810 1513 3910; baseline 0.002 -26"><span class='ocrx_word' id='word_1_178' title='bbox 363 3822 430 3885; x_wconf 94' lang='lat' dir='ltr'>tur.</span> <span class='ocrx_word' id='word_1_179' title='bbox 455 3810 546 3897; x_wconf 88' lang='lat' dir='ltr'>Quid</span> <span class='ocrx_word' id='word_1_180' title='bbox 574 3813 706 3886; x_wconf 89' lang='lat' dir='ltr'>tristius</span> <span class='ocrx_word' id='word_1_181' title='bbox 734 3825 794 3887; x_wconf 91' lang='lat' dir='ltr'>aut</span> <span class='ocrx_word' id='word_1_182' title='bbox 820 3813 1053 3888; x_wconf 85' lang='lat' dir='ltr'>miserabilius</span> <span class='ocrx_word' id='word_1_183' title='bbox 1081 3837 1187 3910; x_wconf 88' lang='lat' dir='ltr'>quam</span> <span class='ocrx_word' id='word_1_184' title='bbox 1215 3833 1282 3886; x_wconf 88' lang='lat' dir='ltr'>nox</span> <span class='ocrx_word' id='word_1_185' title='bbox 1309 3811 1366 3885; x_wconf 89' lang='lat' dir='ltr'>illa</span> <span class='ocrx_word' id='word_1_186' title='bbox 1392 3813 1424 3886; x_wconf 92' lang='lat' dir='ltr'>in</span> <span class='ocrx_word' id='word_1_187' title='bbox 1512 3875 1513 3908; x_wconf 67' lang='lat'>,</span> 
     </span>
     <span class='ocr_line' id='line_1_28' title="bbox 363 3935 1513 4034; baseline -0.001 -26"><span class='ocrx_word' id='word_1_188' title='bbox 363 3936 520 4011; x_wconf 90' lang='lat' dir='ltr'>olearum</span> <span class='ocrx_word' id='word_1_189' title='bbox 540 3937 640 4012; x_wconf 85' lang='lat' dir='ltr'>horto</span> <span class='ocrx_word' id='word_1_190' title='bbox 669 3948 761 4025; x_wconf 88' lang='lat' dir='ltr'>acta,</span> <span class='ocrx_word' id='word_1_191' title='bbox 781 3947 840 4012; x_wconf 89' lang='lat' dir='ltr'>aut</span> <span class='ocrx_word' id='word_1_192' title='bbox 865 3962 972 4034; x_wconf 90' lang='lat' dir='ltr'>quam</span> <span class='ocrx_word' id='word_1_193' title='bbox 1000 3959 1101 4011; x_wconf 87' lang='lat' dir='ltr'>voces</span> <span class='ocrx_word' id='word_1_194' title='bbox 1129 3936 1198 4009; x_wconf 83' lang='lat' dir='ltr'>illae</span> <span class='ocrx_word' id='word_1_195' title='bbox 1223 3935 1374 4031; x_wconf 84' lang='lat' dir='ltr'>lugentis</span> <span class='ocrx_word' id='word_1_196' title='bbox 1396 3946 1427 4010; x_wconf 90' lang='lat' dir='ltr'>et</span> <span class='ocrx_word' id='word_1_197' title='bbox 1512 3955 1513 3960; x_wconf 70' lang='grc'>’</span> 
     </span>
    </p>
   </div>
   <div class='ocr_carea' id='block_1_14' title="bbox 363 4058 1427 4279">
    <p class='ocr_par' dir='ltr' id='par_1_14' title="bbox 363 4058 1427 4279">
     <span class='ocr_line' id='line_1_29' title="bbox 363 4058 1427 4148; baseline -0.001 -17"><span class='ocrx_word' id='word_1_198' title='bbox 363 4059 496 4134; x_wconf 86' lang='lat' dir='ltr'>flentis:</span> <span class='ocrx_word' id='word_1_199' title='bbox 513 4097 563 4113; x_wconf 83' lang='lat'>—</span> <span class='ocrx_word' id='word_1_200' title='bbox 583 4058 769 4134; x_wconf 76' lang='lat' dir='ltr'>«Calicem</span> <span class='ocrx_word' id='word_1_201' title='bbox 799 4061 895 4134; x_wconf 92' lang='lat' dir='ltr'>hunc</span> <span class='ocrx_word' id='word_1_202' title='bbox 922 4084 941 4134; x_wconf 89' lang='lat' dir='ltr'>a</span> <span class='ocrx_word' id='word_1_203' title='bbox 967 4083 1024 4133; x_wconf 89' lang='lat' dir='ltr'>me</span> <span class='ocrx_word' id='word_1_204' title='bbox 1050 4059 1239 4148; x_wconf 85' lang='lat' dir='ltr'>submove3</span> <span class='ocrx_word' id='word_1_205' title='bbox 1258 4099 1306 4112; x_wconf 92' lang='lat'>-</span> <span class='ocrx_word' id='word_1_206' title='bbox 1322 4058 1427 4148; x_wconf 90' lang='lat' dir='ltr'>Deus,</span> 
     </span>
     <span class='ocr_line' id='line_1_30' title="bbox 363 4180 1053 4279; baseline -0.001 -26"><span class='ocrx_word' id='word_1_207' title='bbox 363 4180 455 4256; x_wconf 86' lang='lat' dir='ltr'>Deus</span> <span class='ocrx_word' id='word_1_208' title='bbox 474 4206 593 4273; x_wconf 77' lang='lat' dir='ltr'>meuS,</span> <span class='ocrx_word' id='word_1_209' title='bbox 610 4181 694 4279; x_wconf 93' lang='lat' dir='ltr'>quid</span> <span class='ocrx_word' id='word_1_210' title='bbox 710 4181 924 4278; x_wconf 89' lang='lat' dir='ltr'>dereliquisti</span> <span class='ocrx_word' id='word_1_211' title='bbox 944 4184 1053 4257; x_wconf 80' lang='lat' dir='ltr'>metu</span> 
     </span>
    </p>
   </div>
   <div class='ocr_carea' id='block_1_15' title="bbox 0 0 1526 5086">
    <p class='ocr_par' dir='ltr' id='par_1_15' title="bbox 0 0 1526 5086">
     <span class='ocr_line' id='line_1_31' title="bbox 0 0 1526 5086; baseline 0 0"><span class='ocrx_word' id='word_1_212' title='bbox 0 0 1526 5086; x_wconf 95' lang='lat' dir='ltr'> </span> 
     </span>
    </p>
   </div>
  </div>
 </body>
</html>
