3002 5084
617 529 684 603 tul

113 670 302 770 losophisa
333 673 520 749 Lactantio
539 675 655 773 agitur
673 675 751 773 qui,
776 697 853 767 eos,
881 675 950 751 sive
968 678 1095 754 erroris
1113 677 1185 755 sive

114 795 287 871 mendacii
306 811 518 888 accusatos,
537 800 644 874 tacete
662 799 804 876 irridet:
827 797 947 884 «Quid
966 799 1032 890 illi,
1055 800 1185 897 inquit,

113 917 264 1014 quiesse
284 921 489 1024 contrarios
513 921 664 1019 vestigiis
693 921 819 996 nostris
846 921 1027 1020 antipodas
1045 932 1186 1020 putant,

113 1062 196 1116 num
211 1043 350 1141 aliquid
368 1044 584 1142 loquuntur‘l
598 1055 657 1120 aut
674 1055 726 1119 est
739 1043 925 1142 quisquam
945 1056 1014 1118 tarn
1030 1044 1186 1143 ineptus,

113 1161 170 1260 qui
194 1165 321 1240 credat
346 1190 423 1243 esse
441 1169 623 1257 homines,
647 1190 800 1266 quorum
825 1166 965 1266 vestigia
990 1168 1061 1242 sint
1083 1190 1188 1267 supe·

112 1281 200 1360 riora
224 1309 339 1384 quarn
362 1289 497 1387 capital
514 1299 575 1364 aut
592 1288 658 1379 ibi,
682 1311 760 1384 quae
778 1289 871 1386 apud
897 1309 961 1362 nos
980 1289 1114 1386 jacent,
1133 1291 1188 1366 in-

110 1428 205 1482 versa
225 1409 415 1506 pendere?
431 1411 547 1508 fruges
562 1419 596 1483 et
614 1407 755 1483 arbores
773 1408 938 1483 deorsum
956 1431 1074 1484 versus
1093 1433 1188 1486 cres·

114 1531 215 1605 cere?
241 1534 402 1631 pluvias
429 1545 464 1608 et
489 1534 600 1620 nives,
628 1544 661 1606 et
687 1531 874 1628 grandines
902 1553 1045 1606 sursum
1068 1555 1187 1610 versus

114 1650 237 1727 cadere
253 1653 292 1728 in
313 1663 446 1727 terram
458 1652 523 1726 ΙΙ»

160 1771 233 1850 Has
253 1788 361 1874 poeta
384 1786 502 1850 noster
524 1774 671 1872 ineptias
695 1774 853 1851 versibus
872 1775 1032 1866 credere,
1050 1785 1084 1850 et
1098 1776 1187 1851 duas

116 1893 268 1972 diversas
291 1909 404 1973 terras
419 1897 574 1974 vicissim
599 1898 671 1998 sole
693 1897 881 1974 illustratas
900 1897 1096 1976 describere
1115 1920 1186 1973 nou

117 2017 291 2100 dubitavit
305 2049 313 2098 :

222 2217 304 2274 Hanc
318 2215 365 2273 uhi
381 2215 415 2272 ab
428 2227 530 2272 occasu
545 2218 640 2272 nostro
654 2215 696 2270 sol
710 2213 811 2285 aspicit
823 2220 918 2284 ortus,

220 2309 285 2366 lllic
300 2308 371 2366 alma
385 2307 444 2364 dies
458 2307 564 2379 sopitas
578 2307 680 2364 euolat
693 2307 790 2378 urbes,

221 2407 257 2465 Et
272 2418 337 2464 cum
349 2405 411 2464 luce
424 2405 509 2463 refert
521 2418 634 2478 operum
649 2405 803 2463 vadimonia
817 2405 909 2463 terris.

223 2603 333 2660 Pontus
347 2605 477 2672 utrasque
490 2601 550 2659 suis
564 2601 696 2674 disjungit
709 2605 737 2658 et
751 2599 854 2672 adligat
866 2599 948 2658 undis
958 2597 976 2658 ².

166 2762 218 2838 Ex
237 2765 293 2838 his
312 2764 476 2839 omnibus
495 2763 691 2840 Manilianis
709 2763 867 2840 versibus
886 2775 920 2839 et
941 2787 982 2840 ex
1006 2764 1082 2839 aliis
1098 2785 1187 2861 quos

120 2883 313 2980 plurimos,
329 2913 410 2964 cum
429 2889 473 2963 de
496 2890 688 2964 stoicorum
715 2890 930 2988 physiologia
959 2902 1137 2986 ageretur,
1156 2901 1190 2964 et

120 3014 333 3104 protulimus
351 3022 385 3088 et
408 3011 648 3100 laudavimus,
668 3013 751 3087 satis
770 3033 944 3110 superque
969 3011 1078 3108 liquet
1103 3024 1188 3108 quot

120 3141 153 3204 et
167 3145 299 3231 quanta
321 3134 467 3209 illustris
486 3135 544 3209 hic
562 3144 663 3232 poeta
682 3156 699 3208 a
723 3135 841 3208 stoicis
864 3142 1046 3207 mutuatus
1072 3134 1188 3208 suerit.

121 3249 243 3351 ltaque
261 3255 410 3330 libenter
429 3253 674 3329 affirmaverim
693 3252 839 3328 Zenonis
858 3250 1049 3348 discipulos
1074 3275 1092 3326 a
1111 3250 1187 3325 Ma-

121 3372 207 3451 nilio
224 3387 424 3450 numeratos
442 3375 549 3449 luisse
566 3373 659 3448 inter
676 3395 735 3447 eos
760 3369 894 3445 animos
911 3369 1038 3466 quibus
1056 3393 1092 3445 se
1110 3371 1183 3469 ipsa

122 3496 267 3571 reclusit
285 3507 429 3585 natura,
1237 3475 1239 3482 ¹

229 3690 342 3762 llegates
356 3691 462 3747 animos
475 3690 591 3761 primurn
605 3688 715 3760 dignata
730 3702 854 3760 movere,

227 3783 351 3841 Proxima
364 3788 509 3854 tangentes
523 3796 614 3840 return
626 3781 736 3853 fastigia
749 3783 819 3839 coslo
832 3781 852 3836 ³*

158 4054 284 4125 ¹1nsttt.‚
302 4053 321 4110 Ι.
332 4053 380 4123 ΙΙΙ,
397 4067 421 4110 c.
436 4056 479 4114 ld.

158 4147 253 4208 'Mau
273 4154 363 4218 doto,
379 4149 397 4204 Ι.
412 4149 435 4219 l,
450 4163 474 4205 v.
490 4153 552 4208 2³6.

160 4243 309 4316 ³1dem‚t.
326 4245 348 4317 t,
367 4260 392 4299 v.
409 4247 451 4302 tr.
