3002 5084
412 604 546 661 Possidet.
563 605 638 662 lleul
653 605 767 662 steriles
780 605 850 675 reri,
863 605 964 676 quibus
978 619 1032 662 una
1046 605 1167 674 Quirites

413 699 522 771 l'erligo
537 699 615 757 lacitl
631 701 679 758 llic
694 703 777 758 [lerna
789 707 847 772 cst,
863 715 917 758 non
932 702 1030 758 tressis
1043 716 1143 771 agaso,

410 798 519 868 vappa,
532 803 560 855 et
572 797 677 870 lippus,
692 805 720 855 et
735 799 762 855 in
777 797 853 856 tenui
867 797 1003 868 farragine
1019 798 1152 856 mendax:

407 895 526 955 verterit
538 896 612 954 huuc
625 895 766 967 dominus;
781 900 918 954 momento
933 896 1054 969 turbinis
1069 897 1125 952 exit

407 991 518 1050 ldarcus
531 993 623 1050 Dama.
635 990 729 1064 Papael
747 993 841 1052 Marco
854 993 1024 1066 spondente,
1038 1005 1152 1050 recusas

407 1086 524 1144 Credere
538 1091 568 1144 tu
580 1087 720 1144 nummosl
734 1089 827 1148 Mercu
840 1087 996 1158 subjudice
1009 1085 1096 1159 palles
1111 1085 1131 1140 ¹!

348 1260 433 1347 Quis
448 1261 584 1359 ignorat
599 1263 856 1362 pulcherrimos
870 1287 1004 1351 versus,
1020 1263 1147 1360 quibus
1164 1272 1281 1337 noster
1292 1260 1359 1335 exi-

298 1383 369 1459 mie
387 1385 571 1484 descripsit
588 1387 770 1486 cupidines
789 1388 948 1462 certatim
971 1387 1203 1462 distrahentes
1227 1396 1261 1459 et
1284 1408 1361 1482 pre·

299 1515 434 1581 mentes
453 1507 632 1596 animum,
652 1508 710 1607 qui
730 1531 770 1582 ea
783 1519 919 1582 tentum
939 1508 1013 1604 lege
1031 1507 1119 1582 liber
1136 1529 1211 1580 esse
1235 1517 1360 1604 potest,
1430 1577 1433 1582 ,
1481 1511 1482 1514 ’

299 1637 339 1700 ut
356 1628 582 1726 cupidinibus
609 1631 654 1704 sit
671 1654 801 1705 vacuus
820 1643 854 1705 et
880 1629 943 1706 soli
962 1629 1086 1704 serviat
1104 1630 1254 1704 rationi?
1275 1629 1362 1702 Narn

299 1753 425 1828 servire
443 1753 535 1844 Deo,
558 1754 672 1851 inquil
694 1755 844 1844 Seneca,
863 1755 897 1828 id
923 1767 974 1829 est
1000 1754 1142 1843 rationi,
1159 1777 1197 1829 ea
1223 1751 1363 1827 libertas

298 1888 358 1952 est.
379 1875 480 1951 Mane
498 1879 612 1953 stertis
630 1879 744 1976 piger:
765 1878 843 1968 Eia,
869 1901 990 1974 surge,
1016 1877 1130 1975 inquit
1146 1874 1314 1950 Avaritia!
1335 1887 1365 1948 et

298 2000 361 2076 tibi
385 2003 562 2077 recusanti
585 2002 703 2077 omnia
727 2013 901 2091 recenset,
928 2001 1055 2099 quibus
1081 2001 1247 2091 venditis,
1272 2001 1364 2076 dives

298 2125 441 2202 evadere
457 2126 519 2201 tibi
536 2126 648 2202 detur.
664 2126 755 2212 Quin
772 2127 876 2202 etiam
896 2126 1054 2224 subjicit:
1364 2114 1372 2123 ’

395 2345 485 2404 'Verte
499 2345 619 2416 aliquid,
628 2346 703 2416 jura.
718 2344 772 2402 Sed
785 2345 892 2416 Jupiter
910 2345 1012 2402 audiet.
1027 2341 1119 2402 Eheu!

402 2443 486 2515 Baro,
500 2446 671 2514 regustatum
688 2441 773 2514 digito
790 2442 930 2499 terebrare
945 2441 1061 2498 salinum

403 2539 557 2594 contentus
569 2550 699 2608 perages,
714 2535 737 2591 si
750 2535 839 2593 vivere
854 2550 916 2593 cum
930 2537 996 2592 love
1013 2533 1104 2590 tendis
1116 2529 1134 2587 ¹.

345 2713 435 2790 Turn
453 2714 607 2790 Luxuria
624 2713 821 2802 inducitur,
845 2737 922 2810 quae
945 2712 1104 2788 Avaritiae
1127 2725 1301 2811 repugnet
1329 2723 1362 2788 et

297 2837 479 2913 hominem
501 2837 575 2936 jam
594 2847 836 2911 surrecturum
853 2836 983 2910 sensim
1002 2835 1148 2910 reclinet
1165 2835 1306 2910 lectulo.
1326 2836 1359 2908 Si

298 2961 372 3059 ejus
387 2971 590 3058 argumenta
609 2959 896 3048 consideraveris,
913 2957 1001 3031 nihil
1025 2956 1162 3054 plenius
1186 2966 1221 3031 et
1237 2958 1357 3032 astric-

297 3083 385 3176 tius;
404 3084 434 3158 si
457 3083 628 3181 imagines
645 3094 679 3159 et
696 3105 837 3172 sensus,
853 3083 940 3156 nihil
957 3081 1072 3156 aerius
1091 3091 1125 3154 et
1142 3082 1289 3156 vividius
1307 3106 1359 3156 re-

296 3207 421 3306 peries.
440 3208 508 3282 Res
530 3230 601 3283 non
629 3206 763 3282 calamo
788 3206 1000 3303 descriptas,
1027 3205 1087 3279 sed
1111 3205 1275 3302 penicillo
1302 3205 1359 3280 de-

297 3329 408 3426 pictas
427 3331 620 3406 existimes:

405 3531 473 3588 Tun'
487 3545 560 3589 mare
577 3529 737 3588 transilias?
748 3530 798 3590 tibi
810 3533 882 3587 torta
895 3529 1019 3588 cannabe
1033 3526 1117 3600 lullo,

405 3625 489 3682 Coena
502 3624 577 3681 sitin
592 3629 726 3696 transtro,
741 3625 976 3695 Veientanumque
990 3622 1126 3681 rubellum

405 3721 520 3780 Exhalet
532 3721 629 3793 vapida
641 3720 737 3778 laesum
753 3722 814 3791 pice
830 3720 937 3778 sessilis
951 3717 1042 3778 obba‘l

337 4097 431 4159 ¹l’ers.
445 4103 517 4173 Sat,
533 4103 564 4173 v,
577 4115 602 4158 v.
618 4103 662 4161 it,

336 4195 346 4226 ²
358 4198 451 4271 Idem,
466 4201 499 4271 V,
513 4212 539 4257 r.
553 4201 617 4259 lai-1
