3042 5086
833 455 882 530 44

325 600 408 672 riori
426 598 639 696 tristiorique
665 600 804 697 ingenio
831 602 1014 699 praeditus,
1038 603 1081 679 ad
1110 600 1258 677 Zenonis
1275 601 1412 699 potius

325 743 432 817 quam
456 720 499 796 dd
527 721 670 820 Epicuri
688 722 814 820 placita
840 725 1056 824 explananda
1074 735 1164 815 erat,
1186 735 1226 798 ut
1247 724 1407 822 opinor,

327 849 440 914 natus.

736 1087 882 1163 CAPUT
907 1088 978 1163 vn.

379 1251 460 1314 QUAE
478 1250 665 1308 PRAECIPUA
681 1253 835 1308 noenum
853 1253 986 1309 STOICAE
1004 1252 1212 1309 DISCIPLINAE'
1229 1252 1338 1309 vt'rln.
1440 1274 1446 1293 ·

375 1451 450 1528 Hoc
468 1454 679 1551 opusculum
698 1479 769 1532 non
787 1457 865 1534 ideo
883 1459 1039 1557 suscepi,
1062 1469 1102 1535 ut
1117 1459 1310 1534 stoicorum
1330 1457 1408 1532 vir·

326 1582 417 1649 tutes
436 1574 600 1651 clariores
626 1576 820 1668 edicerem,
848 1601 970 1654 eorum
998 1590 1115 1654 autem
1142 1591 1296 1676 tegerem
1313 1576 1404 1652 vitia
1515 1571 1516 1660 J

327 1704 361 1769 et
373 1695 472 1791 quasi
488 1694 701 1792 quibusdam
719 1695 907 1771 involucris
923 1696 1160 1772 obtenderem.
1180 1697 1242 1772 His
1257 1697 1300 1771 de
1316 1696 1405 1794 phi·
1515 1669 1516 1712 ³

327 1821 482 1920 losophis
500 1821 576 1897 sine
594 1822 710 1898 studio
728 1832 763 1897 et
786 1823 836 1897 ira
861 1824 1013 1900 scribere
1032 1824 1119 1898 mihi
1137 1824 1174 1898 in
1193 1823 1311 1899 animo
1331 1833 1401 1898 est.

326 1941 447 2040 ltaque
464 1963 542 2032 coe,
569 1952 701 2017 rectam
720 1942 862 2041 quidem
887 1943 976 2017 vium
1003 1943 1211 2041 plerumque
1236 1952 1402 2031 secutoS,
1515 1999 1516 2044 ,

326 2064 460 2162 aliquot
476 2065 512 2138 in
526 2086 662 2140 errores
680 2066 814 2142 fatebor
827 2065 1012 2156 incidisse,
1025 2066 1086 2162 qui
1100 2065 1143 2139 de
1156 2086 1280 2139 eorum
1295 2063 1403 2138 insti-

325 2188 409 2261 tutis
428 2187 576 2286 aliquid,
593 2210 663 2262 non
690 2189 842 2264 veritatis
861 2190 995 2279 solum,
1013 2187 1074 2263 sed
1101 2187 1207 2264 etiam
1234 2187 1402 2286 pulchri·

325 2310 458 2387 tudinis
477 2312 711 2387 detraxerunt.

374 2435 499 2510 Stoicis
518 2436 711 2532 sapientem
729 2435 840 2508 illum'
849 2434 1107 2531 quaerentibus,
1134 2434 1195 2531 qui
1219 2433 1398 2531 perfectus

325 2568 417 2632 esset
434 2567 469 2631 et
485 2545 648 2632 omussous
667 2557 740 2631 suis
754 2556 911 2631 numeris
927 2556 1104 2654 expletus,
1120 2556 1213 2630 venit
1238 2557 1274 2631 in
1295 2580 1399 2631 men-

326 2690 413 2770 tem,
430 2679 518 2755 nihil
538 2681 758 2778 praestantius
777 2702 884 2777 quam
908 2680 1090 2754 hominem
1114 2679 1267 2755 liberum
1291 2695 1325 2755 et
1351 2681 1397 2755 eb

325 2800 422 2874 omni
453 2798 643 2896 cupiditate
674 2821 824 2872 vacuum
856 2821 930 2872 esse
957 2820 1069 2895 posse.
1098 2799 1219 2896 ltaque
1248 2812 1397 2875 cunctos

319 2924 434 3000 animi
452 2924 613 3014 affectus,
639 2933 759 3021 utpote
786 2923 845 3020 qui
861 2923 1014 2998 liberum
1030 2913 1216 3000 arbitrium
1232 2925 1312 3023 plus
1333 2925 1397 2998 mi-

326 3067 435 3119 nusve
452 3043 678 3142 impedirent,
697 3065 767 3116 non
786 3042 1032 3140 temperandos
1050 3044 1184 3134 solum,
1204 3042 1266 3118 sed
1288 3044 1394 3118 etiam

325 3165 578 3240 exscindendos
589 3186 664 3239 esse
674 3163 961 3262 praedicaverunt.
975 3161 1050 3235 Hoc
1062 3161 1280 3236 scilicetnon
1295 3160 1397 3235 intel·
1515 3205 1516 3208 κ

326 3284 502 3373 lexerunt,
522 3283 648 3358 animal
672 3283 969 3379 unumquodque,
995 3300 1066 3352 non
1087 3280 1203 3377 aliqua
1221 3282 1394 3378 partium,

325 3429 365 3480 ex
392 3407 520 3504 quibus
546 3416 699 3494 constat,
728 3405 858 3493 excisa,
883 3403 964 3493 sed,
991 3403 1128 3476 cunctis
1155 3403 1209 3477 his
1233 3405 1394 3502 partibus

327 3527 545 3625 temperatis,
562 3529 605 3601 ad
624 3526 921 3602 absolutissimam
940 3524 1068 3600 adduci
1086 3525 1199 3599 solere
1214 3528 1321 3602 totius
1336 3550 1396 3624 ge·
1417 3563 1422 3572 ·
1443 3511 1444 3516 Ν

327 3647 422 3722 neris
438 3649 598 3723 sormam.

1510 3003 1516 3108 t

378 3772 551 3870 Equidem
566 3771 638 3845 scio
653 3771 703 3867 (id
721 3770 816 3867 quod
834 3793 853 3843 a
869 3769 1062 3847 clarissimo
1081 3771 1260 3845 novissimi
1276 3773 1396 3848 saecuti
1515 3803 1516 3864 y

330 3903 471 3967 auctore
488 3891 525 3965 in
543 3888 681 3987 scriptis
699 3890 861 3963 relictum
877 3889 967 3986 est¹)
983 3887 1110 3963 stoicos
1125 3889 1162 3962 in
1177 3890 1219 3964 iis
1238 3901 1396 3965 tantum-

330 4011 454 4101 modo,
479 4031 560 4106 quae.
585 4030 754 4104 magnum
774 4009 932 4081 animum
959 4008 1192 4104 requirerent,
1210 4033 1341 4109 nempe
1359 4013 1395 4086 in

364 4203 372 4239 ¹
388 4201 589 4272 Montesquieu.
604 4201 707 4288 Eaprtt
718 4199 767 4255 dee
779 4197 845 4269 tots,
858 4197 876 4253 Ι.
890 4197 979 4268 xxiv,
989 4211 1013 4254 c.
1028 4201 1071 4254 to.
