3002 5084
639 557 686 632 85

122 699 294 776 omnibus
314 701 468 778 o'mnesa
488 713 522 778 et
539 701 606 778 alia
624 703 782 802 eiusdem
800 705 938 801 generis
956 727 974 780 a
992 716 1093 805 poeta
1109 707 1195 782 stoi-

122 825 278 902 cissante
297 826 520 924 potissimum
539 826 702 903 debuisse
721 828 907 926 proficisci.

173 948 274 1023 Idem
293 948 337 1024 de
354 948 530 1050 epitaphio
555 959 606 1024 est
624 949 914 1043 existimandum,
940 951 977 1025 in
1000 973 1069 1050 quo
1093 973 1194 1028 suam

123 1095 208 1169 erga
227 1072 517 1173 Metrophanem,
535 1095 648 1149 unum
666 1096 685 1149 e
709 1075 835 1166 servis,
853 1074 1131 1152 benevolentiam
1148 1075 1196 1152 si·

123 1195 292 1293 gnificat:

234 1391 329 1450 servu'
344 1405 433 1464 neque
446 1391 547 1450 infidus
563 1393 687 1466 domloo,
704 1405 795 1465 neque
810 1391 909 1452 inutili'
923 1392 1071 1478 quoiquam

269 1484 373 1544 Luceill
387 1484 532 1543 columella
544 1486 606 1558 lrelo
622 1485 685 1545 situ'
698 1485 905 1558 Metrophanes.

173 1659 242 1747 Qui
259 1681 396 1752 versus,
414 1661 526 1761 asperi
541 1661 685 1759 quidem
703 1672 737 1736 et
748 1660 849 1759 quasi
862 1659 970 1760 (quod
983 1661 1195 1761 jampridem

127 1781 410 1858 animadversum
427 1785 492 1881 est)
512 1807 577 1884 per
600 1783 756 1860 salebras
781 1795 813 1859 et
837 1807 924 1860 suco
941 1783 1116 1875 cadeates,
1135 1807 1196 1882 ge·

127 1924 253 1977 neroso
272 1911 389 1977 tamen
405 1925 445 1978 ac
461 1925 539 1978 raro
555 1903 651 2002 apud
665 1913 794 1980 veteres
810 1903 935 1978 ellectu
950 1903 1121 2002 insignes,
1134 1916 1196 1980 aut

126 2051 144 2101 a
163 2027 257 2103 bona
275 2037 387 2125 poetae
404 2037 545 2120 natura,
564 2039 626 2104 aut
650 2052 668 2104 a
691 2027 801 2103 nobili
824 2027 973 2103 Zenonis
991 2027 1193 2127 disciplina,

126 2153 219 2228 velut
248 2175 268 2227 a
298 2154 412 2243 sonte,
444 2151 587 2227 derivati
620 2153 772 2227 luerunt.
806 2151 917 2226 Nemo
953 2151 1048 2226 enim
1084 2153 1195 2228 nescit

127 2286 259 2376 quanto
279 2297 398 2350 amore
416 2297 531 2350 servos
558 2275 657 2350 stoici
684 2273 832 2373 amplexi
851 2273 1118 2373 luerint‚0oujus
1143 2276 1194 2350 rei

126 2422 238 2499 quum
257 2398 342 2473 alios
359 2398 505 2490 multoe,
524 2409 599 2475 tum
618 2397 769 2473 maxime
791 2396 961 2473 Senecam
979 2396 1191 2495 locupletem

126 2523 299 2598 habemus
317 2531 458 2597 testem:
489 2523 614 2598 «Servi
639 2522 747 2596 sunt?
767 2519 893 2618 inquit.
919 2519 995 2596 lmo
1019 2521 1191 2600 homines

125 2646 221 2722 Servi
235 2646 339 2720 sunt‘l
355 2644 430 2720 Irno
446 2645 727 2760 contubernales,
745 2643 840 2720 Servi
859 2644 963 2720 sunt‘l
980 2643 1054 2720 lmo
1073 2645 1193 2720 humi-

126 2770 175 2844 les
190 2767 306 2845 amici.
326 2768 419 2843 Servi
435 2769 542 2843 sunt?
558 2768 634 2844 Ima
651 2768 827 2859 conservi,
847 2768 876 2843 si
895 2768 1097 2866 cogitaveris
1114 2780 1192 2846 tan·

127 2889 285 2965 tumdem
302 2889 340 2989 in
359 2898 525 2986 utrosque
543 2889 648 2964 licere
665 2889 879 2963 fortunent»
1165 2985 1167 2992 Α

174 3006 266 3094 Quid
284 3008 327 3083 de
346 3007 502 3083 versibus
527 3008 643 3082 dicam
670 3007 799 3104 quibus
817 3017 936 3081 noster
953 3016 1055 3107 poeta
1073 3006 1190 3105 exagi-

126 3143 175 3208 tat
191 3132 353 3207 homines
370 3130 550 3206 terricolas
568 3130 707 3205 Lamias
727 3139 883 3205 metuere
910 3140 945 3205 et
967 3130 1111 3206 horrere
1134 3152 1191 3206 so·

125 3252 300 3343 litos‚.aut
318 3251 360 3326 de
382 3252 537 3326 carmine
554 3250 589 3324 in
610 3273 679 3348 quo
692 3249 813 3324 Jovem
832 3249 969 3325 inducit
985 3251 1078 3348 gravi
1100 3252 1190 3328 desi-

126 3374 222 3450 derio
240 3383 376 3448 motum
390 3374 483 3470 quod
496 3373 606 3473 priori
624 3372 770 3447 deorum
786 3394 857 3448 non
874 3373 1012 3449 affuerit
1024 3375 1189 3468 concilio,
1311 3459 1313 3466 ,

127 3511 161 3575 et
192 3497 339 3573 candide
371 3507 576 3595 querentem
603 3496 698 3594 quod
728 3497 894 3574 mortales
926 3497 1032 3573 deum
1061 3521 1192 3575 unum·

126 3641 302 3716 quemque
330 3616 437 3715 patris
470 3617 612 3691 nomine
645 3616 818 3709 salutent,
847 3630 882 3692 et
911 3617 1115 3716 Neptunum
1144 3618 1192 3693 ita

126 3740 296 3839 implicite
314 3739 397 3815 lacit
419 3740 644 3837 loquentem,
662 3749 703 3813 ut
720 3740 907 3815 novissime
937 3740 1030 3816 dicat
1056 3739 1106 3818 rei
1129 3763 1192 3816 no·

127 3864 212 3940 dum
232 3862 434 3938 disserendo
450 3862 603 3956 expediri
619 3884 689 3938 non
704 3885 826 3962 posse,
1038 3871 1042 3880 '

209 4027 212 4034 ’
231 4059 290 4120 Nec
304 4060 328 4118 sl
343 4059 510 4144 carneadem
524 4059 614 4134 ipsum
628 4060 662 4119 ad
676 4073 727 4120 nos
738 4059 822 4119 Orcu'
836 4057 973 4120 remittat?

167 4298 249 4359 'Sem
264 4299 317 4372 Ep.
332 4299 375 4356 m.
