3002 5084
637 533 711 612 lna

4 695 7 808 l
105 687 378 766 deflexerimus
413 685 629 778 orationem,
662 689 721 762 bic
757 687 889 786 majora
922 685 1027 762 etiam
1061 687 1204 762 sortasse

104 833 217 910 quam
250 810 336 886 illio
371 809 614 903 inveniemus,
641 819 675 885 et
704 809 878 886 Zenonem
908 808 1104 886 videbimus
1134 831 1205 886 nou

1 962 3 1005 l
104 957 215 1032 parvo
234 933 459 1033 adjumento
479 933 654 1032 discipulo
672 932 789 1009 luisse.

154 1055 307 1134 Auctor
328 1065 471 1150 noster,
494 1069 534 1132 ut
547 1067 686 1156 poetam
706 1057 806 1132 decet
824 1055 1148 1155 philosophantem,
1172 1064 1208 1130 et

1 1187 2 1252 l
107 1201 253 1278 eaquae
274 1179 327 1255 ad
348 1199 467 1254 mores
485 1189 522 1254 et
546 1178 703 1254 instituta
723 1187 881 1277 spectant
907 1175 1080 1253 curiosius
1099 1198 1206 1275 quam

1 1319 2 1406 3
107 1291 245 1376 bellica
272 1302 374 1376 facta
395 1311 673 1392 consectantem,
701 1301 813 1376 multa
839 1323 900 1375 seu
919 1299 962 1376 de
979 1299 1123 1389 divinis,
1144 1320 1206 1373 seu

109 1417 153 1494 de
174 1419 256 1496 Deo
276 1420 365 1520 ipso
391 1419 542 1518 scripsit.
566 1419 634 1494 Sed
659 1421 727 1494 boc
751 1421 822 1496 sere
843 1420 1026 1520 proprium
1049 1429 1084 1495 et
1100 1441 1208 1519 pecu·

110 1539 202 1618 liare
231 1544 341 1619 inter
367 1553 487 1642 poetas
511 1543 636 1634 habet,
656 1543 772 1642 quod,
800 1543 885 1618 dum
910 1542 1112 1642 vulgaribus
1135 1565 1206 1619 non

113 1665 272 1742 adhibet
292 1665 406 1742 fidem
431 1665 677 1764 religionibus,
698 1689 756 1742 eas
776 1676 895 1742 tamen
918 1667 1051 1744 mirum
1075 1667 1110 1743 in
1130 1690 1208 1744 mo·

115 1787 206 1864 dum
229 1791 353 1866 soleat
372 1789 580 1865 describere.
602 1791 734 1866 Earum
760 1791 996 1883 caerimonias,
1022 1803 1055 1868 et
1083 1815 1207 1868 sensus

118 1911 259 2008 quibus
281 1912 452 1988 homines
474 1913 652 2005 afficiunt,
670 1912 717 1987 ita
736 1913 921 2009 cogitando
944 1913 1011 1988 sibi
1035 1912 1155 2009 fingit,
1170 1923 1210 1987 ut

120 2033 306 2112 salsorum
336 2035 525 2110 numinum
557 2035 809 2133 aliquantisper
843 2034 909 2109 sibi
941 2034 1099 2110 videatur
1134 2057 1208 2110 esse

121 2159 268 2251 cultor,
301 2168 337 2233 et
361 2179 460 2234 sacra
485 2159 585 2256 quasi
609 2155 814 2247 formidine,
839 2179 906 2254 qua
931 2166 1091 2232 movetur
1115 2147 1209 2256 ipse,

2 2342 3 2368 ,
119 2276 332 2376 legentium
364 2302 504 2378 quoque
533 2280 670 2356 animos
700 2289 928 2354 commoveat.
955 2278 1055 2365 Quod
1082 2289 1122 2353 ut
1147 2280 1225 2394 tibi·

2 2377 3 2404 Ν
121 2405 365 2483 manifestum
378 2405 567 2497 fiat,hunc
580 2415 720 2504 poetam
736 2403 829 2500 legas
841 2403 945 2478 velim
957 2401 1209 2478 Massiliensem

123 2523 256 2604 lucum
287 2528 564 2620 describentem,
592 2550 698 2626 quarn
724 2527 843 2602 sedern
869 2525 1048 2635 horrenda
1071 2525 1209 2601 obtine-

126 2650 190 2729 bat
216 2655 367 2753 religio,
394 2664 428 2730 et
458 2654 573 2730 videas
598 2677 705 2752 quam
731 2653 814 2728 atris
844 2651 1021 2729 coloribus
1043 2635 1124 2728 eum
1145 2641 1212 2728 'de-

129 2777 293 2874 pinxerit
309 2787 343 2854 et
361 2788 498 2854 nostros
516 2779 617 2876 quasi
644 2786 724 2853 ante
749 2777 870 2853 oculos
890 2777 1120 2876 proposuerit.
1143 2776 1211 2852 lle-

130 2909 240 2980 tustae
260 2902 329 2977 illae
354 2901 605 3001 arbores,jam
632 2902 702 2977 situ
726 2901 960 2992 albescentes,
984 2901 1111 2976 umbra
1140 2909 1211 2974 tam

132 3024 249 3104 densa
268 3048 310 3102 ac
325 3025 508 3115 continua,
534 3023 698 3099 informia
723 3046 763 3098 ao
781 3032 905 3098 moesta
929 3022 1075 3097 deorum
1101 3021 1211 3097 simu-

134 3147 254 3241 lacra,
285 3149 369 3225 dirae
399 3171 467 3225 arae
497 3146 668 3245 sanguine
697 3147 853 3220 humano
882 3167 1021 3244 semper
1051 3139 1212 3235 imbutae,

136 3297 248 3351 nemo
267 3283 320 3350 est
338 3293 443 3372 quem
460 3294 529 3348 non
549 3270 679 3346 iaciant
694 3269 893 3346 attonitum.
912 3269 1021 3344 Multa
1037 3265 1212 3368 prodigia,

138 3395 168 3469 si
188 3420 260 3472 non
278 3417 377 3484 vera,
397 3402 490 3469 certe
508 3415 571 3492 pro
586 3390 675 3466 veris
690 3389 830 3480 habita,
848 3389 984 3463 addunt
1003 3385 1212 3477 terroribus,

139 3515 188 3592 ita
213 3526 254 3592 ut
272 3516 351 3614 jure
370 3514 464 3590 dicat
481 3514 646 3589 Lucanus
671 3512 787 3611 ipsum
811 3510 1029 3586 sacerdotem
1048 3531 1212 3585 accessus

140 3662 284 3738 pavere,
304 3639 498 3734 timereque
518 3660 562 3712 ne
579 3633 650 3711 luci
669 3633 853 3710 dominum
873 3614 1147 3732 deprehendat¹.

192 3757 260 3833 Sed
285 3767 402 3832 noster
427 3757 576 3857 scriptor
598 3776 669 3830 non
697 3755 726 3830 is
752 3765 804 3830 est
827 3755 887 3852 qui
909 3753 1014 3829 veluti
1038 3774 1213 3859 summam
1256 3829 1258 3836 Α

144 3905 264 3958 rerum
283 3893 419 3981 partem
438 3882 584 3978 attingat
600 3880 735 3971 leviter,
754 3902 868 3976 neque
887 3879 922 3952 in
942 3899 1063 3952 earum
1080 3876 1214 3951 viscera

145 4002 320 4103 inspiciat.
348 4004 398 4078 De
427 4002 612 4078 animabus
640 4025 679 4078 ex
705 4024 777 4078 uno
796 4021 941 4101 corporo
967 4000 1004 4073 in
1033 3999 1130 4075 aliud
1148 4000 1216 4074 mi·

146 4125 329 4224 grantibus
347 4135 451 4225 atque
470 4135 565 4201 artus
580 4125 666 4202 alios
687 4125 754 4201 alio
771 4125 807 4200 in
822 4122 906 4200 orbe
921 4119 1122 4219 regentibus
1143 4122 1215 4196 exi-

185 4320 193 4357 ¹
207 4320 321 4393 Plora,
335 4321 352 4378 l.
367 4321 418 4394 111,
435 4335 460 4378 v.
478 4321 539 4378 lat.
