3002 5084
817 495 866 570 ot

312 643 439 717 cabant
453 643 610 716 mordaci
627 654 723 717 aceto
740 643 919 740 perfundit
932 640 1097 716 Horatius
1121 651 1156 715 et
1173 643 1285 718 multo
1309 644 1382 718 sale

312 763 468 840 delricat
488 763 677 861 Egregium
703 763 863 840 videlicet
888 787 1025 862 regem,
1046 763 1146 862 cujus
1171 765 1272 862 pueri
1296 765 1382 840 bar-

311 886 394 962 bam
420 886 571 974 vellunt,
599 897 634 960 et
662 909 785 984 quem,
816 887 902 961 dum
933 887 1126 984 quadrante
1154 887 1181 960 it
1210 887 1383 976 lavatum,

312 1011 431 1085 nullus
449 1011 594 1108 stipator
611 1019 736 1108 praeter
753 1010 955 1109 Crispinum
973 1011 1169 1084 sectatur¹l

360 1129 591 1228 Lepidissima
609 1152 692 1204 sane
710 1143 745 1204 et
763 1129 806 1204 ad
832 1153 932 1205 aures
957 1130 1068 1226 vulgi,
1087 1131 1181 1228 quod
1206 1153 1278 1204 non
1297 1132 1381 1206 satis

313 1275 395 1326 osus
413 1262 466 1324 est
479 1250 662 1340 Horatius,
676 1248 950 1348 aptissimalSed
964 1248 1050 1347 quid
1063 1248 1128 1323 sibi
1142 1250 1216 1323 vult
1229 1250 1382 1324 Flaccus

314 1374 424 1466 idem,
443 1397 555 1472 quum
574 1373 657 1448 alibi
684 1373 833 1448 dicendo
851 1374 1012 1447 enuntiat
1035 1372 1213 1470 prioribus
1234 1374 1383 1447 omnino

315 1493 507 1584 contraria,
537 1503 571 1566 et
598 1493 634 1566 in
665 1491 882 1567 carminibus
912 1493 1082 1566 exclamat
1110 1492 1214 1566 latius
1241 1492 1382 1588 regnari

314 1615 453 1688 avidum
468 1614 632 1712 spiritum
650 1614 827 1714 domando
846 1615 996 1712 quamsi
1015 1614 1142 1712 duplex
1158 1613 1285 1688 Africae
1303 1614 1384 1688 His-

314 1735 497 1835 paniaeque
526 1746 685 1810 teneatur
715 1737 923 1835 imperium,
950 1761 991 1811 ac
1017 1737 1178 1810 Phraatis
1206 1759 1224 1809 a
1254 1737 1385 1810 vertice

315 1855 475 1930 diadema
490 1855 648 1948 ablatum
666 1857 832 1954 sapientis
853 1855 958 1954 capiti
983 1855 1193 1954 imposuisse
1210 1854 1385 1952 gaudet²l

363 1979 507 2054 Frustra
527 2003 668 2054 mecum
686 1992 809 2078 reputo
825 1991 943 2079 poetas
957 1981 1142 2079 plerosque
1157 1980 1203 2053 ita
1221 2004 1240 2053 a
1256 1991 1381 2054 natura

315 2125 391 2178 esse
409 2104 631 2192 constitutos,
645 2113 686 2176 ut
702 2103 901 2179 inconsulto
917 2103 1044 2201 cuique
1061 2103 1169 2177 animi
1189 2102 1300 2178 motui
1318 2113 1384 2178 sta·

248 2239 252 2246 '
315 2226 379 2299 tim
399 2236 559 2324 pareant,
578 2247 643 2300 nec
662 2226 786 2299 horam
812 2226 941 2300 durent
959 2249 1035 2299 rem
1053 2225 1214 2300 eamdem
1229 2225 1383 2324 probau-

316 2359 384 2440 tes,
412 2349 467 2422 vix
491 2371 634 2447 possum
664 2349 1006 2447 indignatiunculam
1033 2360 1242 2448 temperare,
1272 2350 1384 2425 Hora-

315 2471 477 2568 tiumque
499 2483 704 2569 nugatorem
730 2495 801 2546 non
828 2472 1019 2570 appellare,
1046 2496 1129 2546 cum
1155 2453 1256 2546 ilium
1283 2472 1382 2546 video

315 2595 366 2670 sio
381 2619 500 2671 secum
517 2596 785 2694 discrepantem.
804 2595 897 2670 Huic
915 2608 1031 2671 autem
1053 2608 1088 2672 et
1108 2595 1280 2672 Fontanio
1299 2618 1382 2671 nos-

315 2728 387 2806 tro,
410 2717 471 2815 qui
487 2717 665 2791 interdum
684 2718 720 2792 in
743 2717 866 2792 eadem
885 2741 921 2793 re
947 2718 1137 2815 delinquit,
1159 2719 1277 2792 nescio
1295 2740 1383 2815 quo-

316 2841 447 2930 modo,
489 2850 677 2936 postquam
719 2841 897 2938 paulisper
939 2841 1151 2928 succensui,
1196 2840 1382 2915 novissime

315 2961 469 3056 ignosco.
487 2958 642 3056 Uterque
667 2959 753 3033 adeo
780 2958 937 3034 abundat
959 2961 1056 3034 omni
1083 2960 1255 3034 sermonis
1272 2961 1381 3058 gratia

317 3093 351 3156 et
370 3083 506 3179 lepore,
530 3091 565 3156 et
587 3091 657 3155 tam
683 3080 811 3155 blande
837 3081 928 3154 ludit
953 3081 1088 3156 circum
1116 3083 1326 3180 praecordia,
1346 3092 1383 3157 ut

315 3211 493 3275 venustate
516 3201 674 3298 judicem
700 3200 803 3274 etiam
822 3199 970 3273 invitum
997 3201 1135 3297 placare
1162 3214 1195 3274 et
1221 3201 1383 3296 mitigare

317 3323 436 3397 soleat.
455 3321 531 3397 Hoc
558 3333 696 3396 tantum
714 3322 837 3412 velim,
854 3333 895 3396 ut
919 3322 1158 3422 philosophie,
1182 3346 1382 3422 quanquam
1476 3399 1479 3412 ,

318 3441 543 3516 mediocriter
560 3441 795 3538 elegantibus,
816 3440 959 3515 daretur
976 3442 1092 3531 venia,
1113 3444 1142 3516 si
1161 3444 1275 3516 forsan
1294 3442 1384 3516 inter

318 3586 355 3636 se
384 3564 628 3660 pugnaverint,
648 3587 731 3639 cum
757 3564 868 3661 poetis
896 3563 1121 3661 sibimetipsis
1147 3560 1384 3661 pu'gnantibus

319 3682 420 3756 lacile
436 3682 532 3755 venia
551 3683 662 3756 detur.

373 3806 517 3881 Horatio
542 3806 686 3880 alteram
712 3805 819 3904 jurgii
846 3828 988 3881 causam
1013 3806 1139 3880 inferre
1163 3808 1303 3882 animus
1330 3826 1385 3880 me

361 4126 366 4152 ¹
381 4127 445 4182 llor.
459 4126 477 4182 l.
491 4127 517 4194 1,
529 4128 591 4182 Sat.
606 4130 632 4196 3,
645 4139 669 4181 r.
684 4128 745 4182 433.

355 4219 553 4293 ²1dem,l.ll‚
571 4219 624 4277 od.
639 4224 665 4291 ᾖ
679 4235 703 4275 v.
719 4224 744 4276 9.
