3002 5084
821 525 894 600 lai

327 673 456 748 babere
473 694 679 762 commune,
701 673 904 748 memineris
932 671 1060 747 stoicos
1083 693 1261 746 summam
1278 671 1401 746 animi

327 797 491 872 virtutem
508 798 644 872 actione
667 797 854 872 terminare
872 796 1013 886 solitos,
1035 808 1070 870 at
1091 818 1131 870 ea
1152 794 1401 884 contentione,
1480 778 1486 794 ’

326 942 433 1019 quam
447 929 635 1000 ἐπίστασιν
653 920 891 996 nominabant.
909 920 1081 994 Caeterum
1103 918 1335 1009 PlutarcbuS,
1354 919 1401 994 de

327 1043 445 1119 stoicis
463 1043 550 1117 dum
567 1044 738 1140 loquitur,
752 1043 802 1117 eis
817 1044 909 1118 banc
926 1042 1135 1117 sententiam
1151 1041 1301 1140 propriis
1320 1065 1400 1116 ver·
1471 1109 1475 1118 .

324 1165 380 1242 bis
403 1165 591 1241 adscribit:
612 1168 715 1260 τόξον
733 1199 799 1266 μεν
811 1167 881 1272 γὰρ
900 1166 962 1264 (ὥς
976 1165 1101 1274 φασιν)
1115 1165 1399 1266 ἐπιτεινόμενον,

323 1285 511 1394 ῥήγνυται,
529 1287 630 1390 ψυχὴ
647 1293 689 1364 δέ
702 1288 880 1389 ἀνιεμένη.

371 1409 455 1496 Quae
473 1409 573 1483 stoici
591 1409 782 1506 saepissime
800 1409 916 1483 dixere
931 1407 974 1482 de
999 1408 1100 1483 caecis
1117 1407 1228 1482 animi
1252 1407 1399 1505 cupidi·

324 1533 446 1623 nibus,
461 1556 518 1608 eas
539 1532 698 1607 videlicet
716 1533 841 1608 rationi
859 1554 1072 1630 repugnare,
1100 1532 1358 1628 hominemque
1378 1554 1398 1604 a

324 1665 417 1727 recta
433 1654 605 1728 deducere
622 1652 695 1741 via,
710 1653 832 1728 eadem
845 1653 881 1726 in
900 1653 955 1727 bis
969 1674 1110 1750 quoqne
1127 1652 1166 1727 P.
1186 1653 1263 1750 Syri
1282 1655 1395 1726 versi-

324 1774 390 1850 bus
412 1774 675 1875 deprehendas:

464 1969 559 2026 lmarc
573 1972 602 2024 et
613 1980 710 2038 sapere
721 1968 766 2024 vix
780 1969 837 2025 Deo
849 1967 1022 2026 conceditur.

464 2061 577 2118 Adulter
589 2062 738 2118 estanoris
750 2065 856 2118 amator
868 2061 967 2118 acrior.

464 2159 560 2216 Omnia
572 2157 714 2230 voluptas,
728 2171 928 2230 quemcumque
942 2158 1037 2216 arrisit
1047 2203 1053 2228 ‚
1065 2163 1156 2218 nocet.

372 2325 562 2424 Nunquam
580 2325 670 2400 Zeno
695 2325 833 2424 planius
856 2351 897 2402 ac
922 2327 1047 2402 melius
1071 2327 1109 2400 in
1133 2326 1254 2402 schola
1283 2349 1391 2425 quam

322 2449 472 2524 Publius
498 2450 534 2523 in
552 2450 687 2526 theatro
706 2451 867 2526 homines
886 2451 1006 2525 docuit
1024 2452 1232 2542 honestum,
1250 2452 1390 2527 etiamsi

322 2594 393 2646 non
408 2571 586 2661 laudetur,
603 2595 680 2647 esse
695 2583 811 2647 tamen
827 2549 1018 2648 laudabiles
1032 2572 1115 2650 llaec
1140 2575 1234 2648 enim
1260 2575 1390 2649 mimo·

320 2694 476 2792 graphus
490 2704 607 2767 noster
622 2695 665 2768 ad
681 2717 821 2769 caveam
839 2696 1040 2770 emittebat:

461 2885 643 2942 conscientiae
656 2885 749 2956 potins
762 2900 843 2957 qnam
857 2885 936 2944 famae
948 2885 1109 2944 attenderis.

462 2980 533 3050 Quid
545 2981 604 3052 ipse
616 2981 674 3050 sis,
690 2996 744 3038 nou
759 2982 825 3052 qnid
840 2982 981 3053 babeatis,
996 2983 1121 3039 interest,

461 3081 547 3148 Quam
560 3093 687 3151 maguum
697 3084 742 3136 cst
754 3093 811 3137 non
825 3078 945 3150 landari,
960 3093 1022 3135 esse
1035 3078 1216 3136 laudabilem!

320 3260 354 3324 et
368 3249 477 3324 multa
497 3249 578 3340 alia,
597 3273 676 3347 quae
692 3251 834 3325 Senecae
852 3250 1042 3341 cothurno,
1062 3252 1172 3347 magis
1186 3274 1293 3349 quam
1309 3253 1384 3350 Syri

321 3394 447 3462 socco,
464 3372 612 3447 inissent
627 3373 742 3468 digna.

369 3495 459 3569 Cum
473 3496 556 3570 hinc
569 3496 721 3570 Annaeus
736 3496 884 3586 Seneca,
897 3507 936 3569 ut
950 3496 1010 3592 qui
1025 3509 1270 3594 exaggeratum
1283 3509 1318 3573 et
1330 3511 1387 3574 tu-

320 3621 458 3718 midum
484 3621 622 3696 dicendi
645 3644 774 3719 genus,
802 3621 894 3695 sicut
916 3621 1072 3718 plerique
1099 3624 1257 3720 ejusdem
1274 3626 1386 3701 aetatis

318 3743 526 3842 scriptores,
551 3754 828 3833 consectaretur,
852 3744 970 3817 omnia
1000 3743 1068 3817 sive
1099 3745 1142 3818 ad
1172 3768 1287 3820 mores
1316 3748 1385 3823 sive

320 3865 363 3939 ad
379 3873 540 3938 naturam
559 3863 751 3960 spectantia
774 3862 888 3936 verbis
908 3863 945 3936 in
960 3862 1073 3961 majus
1093 3865 1270 3955 extulerit,
1288 3867 1386 3942 illinc

319 3986 420 4060 stoici
443 4008 480 4059 se
505 3985 684 4058 bominem
708 4008 813 4083 supra
838 3985 992 4059 bumana
1017 3986 1147 4082 erigere
1179 4011 1279 4086 posse
1303 4014 1386 4086 pro-

318 4079 399 4182 iesdi
415 4106 560 4196 suerint,
573 4106 648 4204 jam
661 4105 790 4179 multos
807 4105 881 4178 haec
896 4104 1046 4203 pervasit
1062 4106 1179 4204 opinio
1195 4108 1385 4183 stoicorum

318 4231 540 4330 disciplinam
551 4231 587 4305 in
601 4229 743 4305 Senecae
757 4229 973 4306 carminibus
987 4253 1160 4329 occupare
1173 4233 1383 4329 praecipuam
