3002 5084
658 461 705 538 87

134 608 287 684 neadem
314 617 348 683 el
373 606 607 708 Chrysippum
636 609 809 700 incertus,
840 610 885 686 ab
912 609 1100 686 Academia
1127 623 1162 688 at
1189 636 1226 688 a.

132 727 282 805 Portiou
309 729 434 828 eequali
457 730 528 806 iere
546 731 658 830 spatio
684 731 856 824 distabat;
880 755 962 809 eum
988 733 1107 808 multis
1129 757 1210 811 sen-

134 851 275 945 tentiis,
292 853 518 930 estoicorum
532 853 716 954 disciplina
731 855 898 956 sumplis,
912 854 1114 955 Menippeas
1133 855 1209 932 illas

135 973 263 1049 satiras
281 974 471 1072 aspersisse
485 974 673 1050 verisimile
691 984 754 1051 est.
773 973 841 1051 Sed
857 986 973 1050 tamen
988 974 1062 1062 ille,
1080 973 1212 1051 Acade·

135 1097 319 1173 micorum
336 1119 450 1188 more,
467 1107 502 1174 at
519 1108 559 1172 ut
576 1098 636 1196 qui
655 1119 843 1196 germanus
862 1121 932 1174 non
951 1108 1042 1175 esset
1059 1098 1210 1190 stoicus,

137 1215 227 1315 ipsis
251 1215 369 1292 stoicis
389 1240 458 1292 non
487 1239 626 1316 semper
652 1217 809 1316 pepercit
818 1242 828 1310 ;
848 1238 929 1293 nam
954 1217 991 1291 in
1018 1218 1211 1317 sapientem

138 1364 288 1434 eorum,
306 1343 367 1442 qui
380 1342 509 1419 dicitur
526 1344 622 1418 solus
638 1366 715 1434 rex,
733 1342 828 1418 solus
847 1343 981 1434 rhetor,
999 1365 1100 1419 suam
1116 1367 1212 1418 exer·

140 1465 218 1541 cuit
231 1465 472 1576 dicacitatem;
491 1465 805 1563 incredibilemque
820 1465 1014 1565 praesertim
1030 1465 1134 1542 istam
1150 1488 1213 1542 cu-

141 1590 343 1691 piditatem,
362 1614 430 1689 qua
446 1603 522 1666 tum
539 1590 641 1666 multi
660 1611 784 1666 eorum
807 1590 1018 1689 flagrabant,
1038 1590 1102 1667 sibi
1126 1612 1212 1666 con-

143 1716 320 1794 sciscandi
339 1725 509 1803 mortem,
523 1715 613 1814 jocis
632 1714 774 1788 tentavit
791 1714 1017 1811 restinguere.

195 1839 348 1916 Caeteros
374 1859 454 1913 vero
472 1837 701 1936 philosophos
723 1859 795 1913 non
817 1836 1057 1935 indulgentius
1075 1835 1213 1910 habuit.-

143 1959 237 2045 Quos
260 1959 488 2034 irreverenter
504 1967 539 2033 et
553 1955 763 2054 perridicule
781 1957 938 2056 depingit
960 1955 1209 2044 colluctantes,

144 2101 276 2177 eosque
294 2078 360 2153 ait:

251 2296 324 2356 lltlu
339 2293 419 2354 litore
431 2293 524 2354 caueri
541 2291 665 2364 digitulis
677 2289 839 2362 prlmorlbu’
854 2293 937 2348 stara.

193 2485 301 2576 Tum,
331 2481 517 2582 recognitis
549 2502 671 2558 eorum
700 2479 925 2580 opinionibus
951 2489 985 2558 et
1009 2479 1209 2572 sententiis,

146 2609 265 2686 addit:

249 2825 391 2884 Postremo
406 2835 486 2883 nemo
498 2827 619 2894 egrotos
634 2820 782 2894 quidquam
795 2821 915 2879 somniat

250 2923 316 2982 Tam
330 2921 484 2992 infandum,
499 2918 573 2994 quod
592 2932 648 2976 non
661 2919 762 2991 aliquls
775 2919 850 2977 dicat
865 2917 1055 2990 philosophus.

191 3115 328 3191 idcirco
352 3124 469 3190 autem
496 3108 688 3185 Varronem
714 3106 902 3204 aliquando
929 3083 1120 3181 stoicorum
1146 3109 1208 3184 de-

142 3249 236 3314 creta
254 3237 411 3312 versibus
428 3233 650 3333 explicavisse
669 3229 897 3318 crediderim,
915 3227 1064 3325 quodpin
1084 3228 1206 3320 satira,

142 3382 253 3458 caque
269 3361 340 3434 sere
359 3357 431 3433 sola
450 3357 551 3455 cujus
574 3355 676 3452 plane
697 3361 861 3451 appareat
884 3349 1120 3450 propositum,
1144 3376 1207 3451 pro

142 3483 209 3556 hac
223 3479 414 3556 stoicorum
428 3479 518 3555 thesi
533 3485 747 3577 propugnat,
759 3497 881 3551 omnes
899 3473 1033 3549 scilicet
1047 3473 1206 3549 homines

142 3623 217 3676 esse
235 3621 386 3674 insanos.
