3002 5084
806 516 853 592 ld

299 657 414 732 minas
433 661 687 758 comparavit¹,
705 661 734 735 is
757 661 920 736 fatebitur
939 661 1116 737 neminem
1140 685 1253 760 quum
1272 665 1366 762 apud

299 789 447 871 veteres,
465 791 541 855 turn
568 781 662 881 apud
687 783 899 873 neotericos,
916 782 1099 858 mordaces
1115 806 1217 859 curas
1234 785 1366 882 quibus

300 927 431 981 nocens
453 904 603 1005 quisque
625 917 808 1006 torquetur
825 907 1048 984 viridioribus
1071 907 1286 1006 imaginibus
1304 932 1365 986 er·

229 1127 233 1138 ,
299 1031 478 1130 pressisse.

349 1151 417 1228 Sed
431 1173 500 1226 non
517 1149 600 1226 satis
615 1160 667 1226 est
680 1151 861 1228 hominem
875 1151 965 1226 vitiis
979 1173 1054 1227 esse
1067 1173 1218 1228 vacuum
1233 1160 1269 1228 et
1281 1152 1367 1227 stul-

300 1273 374 1350 titia
397 1273 543 1348 omnino
562 1295 704 1350 carere:
727 1274 824 1350 hunc
846 1286 981 1374 oportet
997 1275 1161 1350 omnihus
1178 1274 1368 1350 subornari

298 1394 503 1486 virtutibus,
521 1393 612 1469 inter
625 1415 712 1492 quas
725 1394 883 1493 primum
896 1394 1013 1472 locum
1026 1405 1173 1493 occupat
1187 1394 1367 1471 tortitudo.

299 1518 382 1593 Haec
400 1528 469 1606 est,
488 1518 681 1594 stoicorum
703 1519 847 1618 quidem
865 1519 1053 1611 sententia,
1078 1542 1156 1596 vern
1174 1519 1301 1609 virtus
1326 1543 1369 1638 eg

300 1666 367 1741 qua
386 1642 461 1718 aliae
479 1666 602 1719 omnes
628 1645 817 1722 nominatae
840 1645 999 1736 luerunt,
1025 1656 1059 1721 et
1076 1667 1154 1742 quae
1178 1655 1231 1719 est
1248 1644 1367 1719 homi-

299 1788 386 1842 num
405 1776 539 1840 naturae
556 1769 707 1842 maxime
725 1766 999 1844 accommodata.
1019 1768 1131 1854 Quam
1148 1766 1209 1865 qni
1227 1766 1368 1858 colunt,

299 1890 345 1981 ii,
373 1888 537 1966 omnibus
570 1890 737 1966 humanis
769 1891 873 1968 rebus
904 1914 976 1991 prae
1001 1891 1146 1966 honesto
1173 1891 1369 1990 despectis,

301 2034 372 2086 non
391 2011 553 2088 dubitant
570 2012 683 2111 ipsam
702 2013 805 2088 vitam
831 2035 911 2090 vero
929 2012 1149 2113 impendere,
1167 2023 1202 2087 et
1218 2011 1282 2088 soli
1301 2001 1370 2087 ha'-

300 2133 499 2209 bendisuut
511 2133 583 2208 viri.
600 2133 702 2219 Quod
714 2157 796 2210 cum
806 2133 970 2209 Horatius
981 2133 1132 2226 Flaccus
1142 2132 1372 2239 intelligeret,

300 2270 335 2335 et
349 2259 504 2335 nobilem
519 2259 615 2334 illam
635 2259 801 2359 sapientis
816 2259 1007 2357 imaginem
1024 2258 1124 2336 vellet
1139 2257 1371 2349 adumbrare,

300 2380 565 2479 praeclarissima
580 2381 738 2457 condidit
753 2380 920 2457 carmina.
939 2379 1064 2457 Nonne
1081 2380 1260 2477 antiquam
1276 2401 1372 2453 seve-

301 2527 447 2601 ramque
470 2503 618 2580 Zenonis
644 2504 868 2604 disciplinam
885 2514 1023 2581 revocat
1047 2503 1105 2580 ille
1123 2503 1206 2580 Cato
1230 2502 1273 2578 de
1298 2526 1371 2601 quo

302 2626 448 2702 illustris
467 2636 578 2702 vates:
942 2609 948 2624 ’

513 2819 937 2878 Emwmwmfflm

512 2916 616 2975 Praeter
628 2920 750 2976 atrocem
762 2916 882 2974 animum
896 2911 1049 2976 catonts2t

348 3083 473 3159 Nonne
499 3080 656 3181 ejusdem
684 3079 878 3179 disciplinae
905 3089 1096 3180 praecepta,
1125 3078 1285 3176 quamvis
1313 3080 1372 3154 in·

301 3204 414 3295 scius,
432 3202 589 3302 Regulus
607 3201 762 3292 colebat,
784 3202 885 3300 cujus
903 3199 1030 3275 miram
1048 3199 1280 3275 eonstantiam
1298 3201 1373 3274 sin-

301 3322 413 3420 gulari
431 3322 583 3420 quadam
602 3321 789 3397 verborum
808 3319 1021 3396 sublimitate
1038 3319 1132 3395 idern
1153 3328 1253 3419 poeta
1271 3329 1372 3395 extu·

301 3445 357 3536 lit,
372 3446 457 3520 dnm
470 3445 571 3521 nobis
585 3446 737 3522 ostendit
749 3447 929 3545 egregium
941 3445 1043 3522 illum
1054 3447 1167 3521 virum
1181 3444 1369 3543 conjugem

300 3577 335 3639 et
360 3565 489 3640 liberos
515 3589 532 3640 a
560 3589 597 3642 se
620 3577 873 3659 removentem,
904 3567 1050 3643 consilio
1077 3589 1258 3666 nunqnam
1285 3565 1372 3640 alias

300 3688 381 3763 dato
406 3687 564 3765 labantes
590 3701 706 3789 patres
724 3691 945 3783 firmantem,
971 3699 1075 3788 atque
1101 3690 1237 3765 hostem
1255 3689 1372 3767 insen-

303 3832 383 3885 sum
401 3809 546 3907 diraque
563 3810 735 3909 supplicia
751 3810 848 3886 vultu
866 3834 990 3890 sereno
1009 3810 1235 3909 petentem³?

342 4066 349 4100 ¹
363 4065 437 4122 Pers.
452 4065 514 4120 Sat.
530 4063 579 4134 lll,
593 4077 619 4120 v.
633 4065 676 4123 at.

342 4156 701 4230 fflmffllmfflt

312 4289 315 4296 ,
342 4252 461 4326 troam,
475 4256 493 4312 l.
510 4256 558 4326 lll,
575 4252 628 4311 Od.
644 4258 669 4310 ὅ.
