3002 5084
780 463 828 536 92

273 631 380 686 sensu
398 609 589 686 abhorrent
605 610 744 709 longius
762 621 797 687 et
813 633 892 710 quse
904 610 983 688 ideo
1002 609 1259 712 paradororum
1276 610 1342 686 de-

273 731 458 828 signantur
480 715 641 824 nom'inc,
660 753 769 831 eaque
791 756 887 808 nunc
909 731 1082 825 defendit,
1104 753 1201 809 nunc
1226 732 1344 808 insec-

273 864 376 930 tatur.

321 977 447 1053 Stoicis
465 975 646 1075 placuerat
663 976 780 1052 omnia
795 987 939 1077 peccata
956 999 1032 1053 esse
1049 977 1165 1076 paria3
1181 997 1284 1067 nam,
1302 986 1345 1052 ut

273 1102 321 1178 ait
337 1101 491 1194 Tullius,
512 1100 868 1208 «gubernatoresque
885 1110 1025 1201 peccat,
1042 1100 1071 1175 si
1090 1099 1198 1199 paleae
1216 1122 1344 1175 navem

272 1224 451 1316 everterit,
469 1233 503 1299 et
516 1224 546 1299 si
559 1225 645 1299 auri.
660 1249 678 1296 a
695 1223 796 1300 Hanc
809 1225 1037 1316 sententiam,
1051 1224 1088 1299 in
1102 1222 1345 1322 pulcherrima

271 1344 436 1443 epistola,
451 1343 590 1420 videtur
606 1345 706 1443 sequi
726 1343 911 1438 Horatius3
936 1367 1021 1422 nana
1038 1365 1178 1422 servum
1194 1343 1271 1444 ipse
1291 1342 1344 1418 sic

274 1466 479 1564 alloquitur:

345 1693 353 1711 .
390 1692 396 1707 .
435 1689 443 1705 .
481 1649 547 1708 .De
560 1649 635 1708 millo
649 1649 719 1708 faba
733 1649 834 1708 modiis
848 1663 932 1724 quum
946 1649 1069 1723 subripis
1082 1663 1181 1721 unum.

345 1749 478 1807 Damnum
495 1750 551 1820 est,
569 1760 624 1806 non
637 1746 746 1807 lacinus
759 1749 825 1806 mihi
840 1752 922 1822 pacto
936 1748 1028 1807 lenius
1041 1749 1096 1806 isto
1109 1747 1131 1830 ¹..

320 1903 415 1980 Alias
431 1915 549 1981 autern
564 1916 682 2005 poeta,
704 1916 744 1981 ut
767 1906 828 2005 qui
849 1905 939 1981 nihil
957 1905 1057 2007 pensi
1076 1903 1204 1982 habeat
1220 1915 1342 1981 utrum

275 2050 397 2104 secum
411 2029 650 2104 consentientia
665 2030 938 2126 proseratnecne
948 2086 957 2121 ,
969 2029 1097 2104 stoicos
1109 2028 1257 2104 ridendo
1269 2039 1343 2103 tan-

246 2165 251 2176 '
273 2152 323 2249 git
340 2162 374 2226 et
391 2151 537 2250 castigat
554 2153 675 2228 dicens
690 2174 762 2227 non
779 2174 879 2250 aeque
903 2175 978 2227 esse
998 2160 1200 2251 peceatum,
1219 2151 1249 2227 si
1263 2153 1341 2249 quis

273 2277 309 2351 in
324 2276 484 2353 'alienum
502 2276 815 2374 minxerit-lectum
833 2285 953 2375 potus,
971 2277 1055 2352 acsi
1074 2277 1153 2375 quis
1171 2298 1340 2374 sponsum

273 2399 468 2496 negaverit;
486 2422 553 2474 nec
568 2400 629 2497 qui
644 2410 781 2475 teneros
798 2399 1008 2498 cujusquam
1026 2402 1063 2474 in
1080 2400 1183 2475 horto
1201 2399 1342 2496 fregerit

273 2522 407 2613 caules,
422 2521 453 2598 ei
469 2545 544 2614 esse
560 2523 814 2599 conserendum
829 2523 921 2621 quie
936 2522 1067 2621 templo
1080 2544 1179 2598 sacra
1193 2523 1340 2598 deorum

274 2641 459 2718 abstulerit
470 2644 495 2715 ².

319 2765 513 2857 Praeterea,
532 2765 626 2841 aliud
645 2765 861 2864 paradoxum
883 2764 920 2839 in
941 2763 1098 2840 medium
1124 2766 1341 2865 protulerant

274 2887 391 2978 stoici,
410 2889 504 2986 quod
516 2888 636 2963 multis
651 2890 794 2986 quidem
808 2888 1008 2979 insolitum,
1025 2888 1113 2962 mihi
1125 2912 1206 2965 vero
1218 2891 1340 2964 tritum

218 3011 219 3014 ’
273 3008 452 3106 quoddam
471 3031 546 3084 esse
563 3008 700 3083 videtur
715 3011 812 3106 (narn
831 3030 1040 3106 persuasum
1056 3008 1169 3086 habeo
1191 3009 1229 3084 in
1245 3009 1341 3084 verbi

273 3130 506 3205 controversia
530 3128 782 3226 remensem),
801 3151 923 3204 omnes
946 3129 1081 3204 scilicet
1097 3129 1251 3206 insanire
1275 3133 1340 3206 ho·

273 3249 396 3324 mines.
417 3249 518 3335 Qarod
537 3272 620 3324 cram
646 3249 784 3339 dicunt,
803 3249 888 3346 quid
911 3258 987 3322 tuna
1012 3260 1136 3345 agunt,
1153 3251 1221 3325 nisi
1249 3251 1359 3325 allio.

274 3383 389 3464 mant,
407 3373 610 3470 quicunque
630 3375 803 3471 perfectus
824 3395 895 3447 nun
921 3373 980 3463 sit,
1004 3396 1085 3448 eum
1112 3397 1187 3450 esse
1208 3374 1340 3472 imper-

273 3498 405 3572 fectum
424 3499 605 3595 oportere?
630 3497 744 3582 Quam
771 3496 980 3572 sententiam
1009 3497 1194 3572 commode
1221 3497 1343 3598 arripit

273 3617 456 3708 Horatius,
484 3618 578 3713 quod
601 3618 674 3713 jana
704 3627 803 3692 antea
831 3617 939 3692 Varro
966 3618 1089 3692 secisse
1113 3617 1286 3708 creditur,
1311 3629 1343 3692 et

275 3743 393 3817 omnia
408 3742 595 3817 hominum
610 3743 707 3832 vitia,
720 3742 873 3817 vicissim
890 3743 1083 3841 descripta,
1105 3743 1215 3818 facete
1233 3743 1343 3841 carpit

274 3877 310 3943 et
326 3861 427 3942 ludit
445 3865 491 3940 Ut
509 3867 627 3940 omnia
646 3866 689 3940 ab
705 3889 745 3940 eo
759 3866 872 3964 lepide
886 3865 978 3942 dicta
993 3888 1064 3941 non
1077 3865 1243 3959 referam,
1260 3866 1342 3964 qnia

233 4175 235 4182 Ι
313 4099 397 4156 ¹fl0r.
413 4099 537 4170 l.l,Ep.
551 4102 633 4171 l6‚v.
647 4102 692 4157 55.
968 4127 974 4165 μ

312 4195 423 4264 2raeiri,
441 4196 458 4251 r.
474 4199 501 4266 ι,
516 4197 577 4252 sar.
594 4201 620 4266 a,
634 4210 658 4250 v.
674 4199 736 4253 aaa.
