3002 5084
649 527 721 604 137

6 750 7 767 ,
123 697 202 750 mos
220 674 389 750 affectus
416 673 707 774 repudiavisse.0
734 671 792 746 ubi
811 668 932 746 dulces
958 673 1153 748 amantium
1178 685 1213 750 et

6 849 7 862 ,
122 799 409 874 redamantium
428 799 646 897 complexus,
660 810 694 874 et
709 821 822 874 mares
836 797 942 872 animi
961 809 1077 873 tenero
1094 822 1213 876 amore

122 922 324 1012 commoti,
347 933 387 996 et
408 921 521 996 viriles
540 921 656 996 vultus
678 919 840 1018 lacrymis
863 921 1050 1019 aliquando
1068 920 1213 996 maden·

123 1044 192 1116 test
220 1043 301 1118 Ubi
328 1043 465 1118 Hector
483 1055 517 1119 et
540 1043 803 1133 Andromache,
829 1043 1040 1142 polyeuctus
1066 1056 1100 1118 et
1123 1043 1217 1118 Pau·

104 1163 219 1256 lina,
241 1166 388 1264 aliique
408 1167 493 1242 clari
508 1169 692 1266 conjuges,
710 1168 770 1265 qui
787 1189 858 1243 non
873 1167 948 1243 sine
964 1165 1091 1265 magno
1105 1169 1213 1244 animi

123 1287 299 1364 cruciatu
322 1289 506 1364 dissociati
526 1311 682 1388 unquam
701 1291 862 1364 luerunt!

172 1409 249 1484 Sed
284 1410 318 1484 si
354 1410 417 1485 has
446 1411 568 1487 Catoni
596 1411 831 1510 ignoverimus
860 1410 1037 1499 maculas,
1066 1422 1152 1510 quot
1180 1421 1214 1487 et

126 1543 290 1628 quanta,
321 1555 393 1608 non
411 1534 485 1632 J'am
509 1534 734 1625 adumbrata,
757 1534 817 1610 sed
843 1557 930 1633 pene
952 1557 1110 1634 expressa
1135 1559 1216 1636 per-

126 1648 231 1726 fectae
248 1652 519 1750 cumulataeque
544 1653 678 1728 virtutis
700 1655 798 1750 signa
821 1653 856 1728 in
876 1654 943 1730 hoo
967 1654 1039 1730 viro
1062 1655 1215 1730 invenie·

126 1773 231 1845 mus!
268 1772 368 1846 Dum
399 1772 608 1848 Homericus
640 1773 812 1864 Achilles,
843 1775 967 1850 robore
998 1785 1033 1849 et
1061 1775 1214 1872 agilitate

127 1895 342 1989 praesertim
362 1895 526 1992 insignis,
542 1895 629 1970 nihil
643 1897 713 1972 fere
729 1897 796 1972 nisi
809 1898 964 1996 corporis
983 1896 1072 1970 bona
1087 1899 1215 1994 jactat,

127 2014 219 2094 Cato
241 2019 330 2110 ille,
351 2041 456 2118 quern
475 2018 642 2096 describit
657 2013 841 2109 Lucanlrs,
856 2019 1001 2117 justitiae
1025 2019 1214 2094 libertatis-

130 2160 204 2234 que
229 2163 363 2230 amore
385 2141 420 2216 in
446 2142 568 2240 primis
599 2143 826 2241 conspicuus,
851 2141 937 2216 nihil
968 2141 1079 2238 magis
1106 2165 1214 2238 quam

131 2263 251 2339 animi
270 2265 365 2340 bona
385 2265 498 2362 diligit
516 2276 550 2340 et
566 2266 812 2364 amplectitur:

252 2496 260 2510 .
304 2495 310 2508 .
351 2493 356 2505 .
397 2454 973 2528 .llimores,baeoduriimmotacatonis

251 2555 336 2610 Secta
349 2548 415 2625 luit,
430 2566 540 2610 servare
553 2553 678 2621 modum,
691 2552 827 2624 finemque
841 2557 946 2623 tenere,

252 2648 441 2719 Naturamque
454 2649 547 2720 sequi,
563 2650 711 2721 patriaeque
725 2650 882 2720 impendero
897 2650 996 2721 rttam,

254 2741 312 2800 Nec
326 2740 395 2812 sibi,
411 2741 460 2798 sed
473 2741 523 2798 toti
535 2742 657 2813 genitum
672 2756 701 2800 se
715 2742 828 2799 credere
843 2742 944 2800 mundo
959 2743 975 2798 ¹.

192 2906 367 3003 Egregius
381 2906 439 2982 ille
453 2907 524 2998 vir,
540 2908 574 2981 in
591 2908 687 2982 omni
703 2908 836 2982 Lucani
851 2929 971 3005 opere,
984 2908 1050 2981 sibi
1067 2918 1214 2983 constat.

140 3023 236 3102 Cum
260 3028 378 3102 omnia
397 3029 514 3103 virtuti
535 3040 674 3103 censeat
698 3021 954 3127 posthabenda,
974 3053 1038 3103 neo
1057 3052 1213 3126 unquam

141 3171 314 3226 successu
334 3172 489 3225 creseere
515 3152 723 3238 honestum,
747 3151 776 3224 si
801 3150 1010 3249 Pompeium
1034 3161 1214 3226 mortuum

142 3271 326 3362 laudabit,
353 3295 423 3347 non
453 3272 553 3347 ducis
572 3272 677 3370 hujus
694 3271 854 3346 victorias
881 3283 915 3346 et
935 3271 1132 3370 triumphos
1160 3297 1215 3348 re·

144 3397 319 3483 censebit,
340 3419 405 3471 nec
423 3418 513 3496 pone
538 3419 684 3471 currum
702 3396 810 3469 victos
829 3418 926 3492 reges
951 3406 986 3468 et
1008 3407 1127 3491 gentes
1152 3397 1214 3471 do-

145 3517 252 3591 mitas
282 3515 485 3606 ostentabit,
518 3515 579 3589 sed
610 3523 782 3611 quantum
810 3514 915 3589 luerit
941 3515 1084 3612 justitiae
1112 3525 1213 3590 tenax

145 3641 354 3740 simpliciter
372 3651 535 3739 exponet,
552 3650 586 3715 et
598 3640 794 3738 quomodo,
811 3639 912 3738 plebe
930 3640 1056 3715 servire
1072 3640 1139 3713 sibi
1157 3665 1213 3737 pa·
1329 3723 1334 3732 ,

146 3773 233 3852 rata,
250 3762 369 3836 vixerit
382 3763 544 3860 privatus.
558 3762 647 3848 Quin
664 3763 781 3850 etiam,
796 3763 961 3861 Pompeio
977 3762 1073 3835 dabit
1086 3763 1212 3836 honori

147 3887 243 3985 qnod
260 3887 394 3975 forsan,
414 3887 563 3963 heroicis
587 3888 825 3985 temporibus,
844 3887 875 3959 ei
898 3885 1059 3959 dedecori
1077 3885 1210 3961 luisset.

148 4009 210 4084 His
232 4009 326 4083 enim
353 4009 466 4083 verbis
492 4009 546 4082 nil
563 4008 648 4083 belli
665 4010 751 4104 jure
770 4008 924 4107 poposcit
947 4007 1092 4081 omnino
1121 4031 1210 4082 con·
1317 4024 1327 4032 ‘

184 4265 193 4302 ⁴
211 4263 323 4338 Pharo,
337 4265 355 4322 l.
371 4267 408 4339 ll,
424 4279 450 4324 v.
464 4271 525 4324 380.
