3002 5084
758 455 805 530 72

352 604 531 678 Discitequc,
546 615 563 659 o
576 603 684 675 miseri,
698 607 727 660 et
741 615 840 660 causas
853 603 1014 674 cognoscite
1028 617 1138 660 rerum:

353 700 426 770 Quid
439 713 550 772 sumus,
564 703 592 757 et
604 699 735 771 quidnam
748 699 847 757 victuri
860 698 1028 770 gignimur...

356 836 732 854 .........
752 798 838 864 Quem
853 799 879 852 tc
893 794 968 852 Dens
982 809 1045 851 esse

351 892 453 964 iussit,
468 896 497 950 et
507 892 626 950 humana
638 906 692 964 qua
706 897 783 964 parte
796 892 905 950 locatus
919 904 950 948 es
962 891 992 948 in
1005 904 1035 948 rc

353 985 445 1046 bisce.
697 1021 709 1056 ,
757 1043 763 1054 ,

295 1129 353 1206 Sic
371 1152 411 1205 ex
430 1128 499 1204 alto
522 1130 725 1206 universum
748 1132 845 1205 bunc
869 1130 1045 1206 mundum
1063 1132 1317 1225 consideranti,
1401 1215 1405 1226 ,

247 1256 353 1331 urbes
368 1265 403 1329 et
420 1277 524 1352 regna
545 1265 639 1330 certo
654 1254 789 1354 jndicio
801 1256 1008 1347 aestimanti,
1026 1266 1061 1330 et
1077 1256 1113 1330 in
1128 1258 1317 1356 semetipso

247 1374 441 1472 quidquam
463 1374 627 1450 sentienti
654 1398 730 1450 esse
757 1375 932 1466 divinum,
960 1377 1045 1474 qnid
1074 1378 1212 1474 patriae,
1231 1377 1317 1476 quid

246 1499 453 1598 propinquis
487 1499 762 1598 parentibusque
797 1499 937 1598 elargiri
973 1499 1095 1575 deceat
1128 1502 1212 1576 satis
1251 1503 1318 1576 erit

246 1628 471 1718 perspectum
501 1628 535 1693 et
567 1620 765 1717 cognitum,
797 1642 862 1695 nec
894 1619 1012 1695 nescio
1046 1621 1104 1695 cui
1135 1621 1316 1698 causidico

248 1739 352 1814 stulte
370 1737 556 1829 invidebit,

345 1947 360 1970 ·.
398 1955 406 1970 .
447 1953 639 1972 .....
660 1915 739 1983 Quod
755 1916 840 1973 muita
853 1915 945 1973 ddelia
958 1920 1036 1987 putet

351 2011 381 2065 in
395 2008 534 2082 locuplete
548 2021 637 2079 penu,
649 2007 773 2066 defensis
786 2007 937 2079 pinguibus
951 2008 1075 2079 Umbris3

352 2108 386 2165 Et
398 2107 477 2178 piper
488 2111 517 2164 et
530 2095 637 2178 pernae,
652 2106 737 2167 Marsi
751 2110 928 2163 monumenta
941 2106 1064 2178 clientis,
1164 2147 1167 2152 .

353 2201 495 2270 Maenaque
507 2199 581 2271 quod
594 2200 681 2271 prima
696 2197 817 2256 noudum
832 2198 965 2256 deiecerit
978 2213 1052 2257 orca.

296 2349 357 2424 Sin
374 2360 513 2439 contra,
529 2348 736 2424 libidinibus
751 2370 771 2423 a
786 2357 879 2423 recta
896 2347 1068 2423 deductus
1085 2349 1155 2439 via,
1174 2349 1315 2424 desidiae

249 2498 286 2550 sc
301 2475 435 2548 dederit
456 2476 637 2571 ventrique
658 2475 831 2565 servierit,
850 2497 932 2549 cum
955 2473 1092 2572 longior
1107 2496 1187 2571 pars
1204 2474 1314 2548 aetatis

248 2617 311 2693 per
333 2593 442 2667 otium
468 2592 654 2670 animatas
673 2605 763 2668 artes
781 2594 884 2668 inerit
901 2594 1034 2694 elapsa,
1052 2607 1128 2670 tum
1144 2596 1239 2693 quod
1256 2619 1314 2670 ve-

250 2739 325 2791 rarn
344 2739 414 2792 non
435 2717 556 2791 vixerit
575 2716 681 2790 vitam
703 2715 911 2814 sibimetipsi
929 2717 1053 2792 acerbe
1076 2716 1315 2815 exprobrabit,

251 2851 284 2914 et
301 2849 421 2915 noctes
439 2851 542 2936 atque
565 2838 638 2914 dies
658 2839 881 2916 conscientiae
905 2839 1044 2915 acribus
1066 2839 1218 2914 stimulis
1237 2863 1317 2914 exa-

250 2959 427 3056 gitabitur.
459 2961 543 3035 Haec
571 2959 703 3052 vivide,
733 2971 916 3060 poetarum
947 2960 1167 3036 comicorum
1197 2983 1315 3050 more,

249 3083 408 3184 personis
425 3083 461 3157 in
479 3107 621 3159 scenam
640 3084 810 3175 inductis,
834 3083 988 3181 depinxit
1004 3084 1166 3159 Persius:

357 3253 459 3323 Nempe
472 3252 531 3308 baec
543 3251 670 3309 assidue!
684 3253 743 3309 Jam
757 3251 861 3308 clarum
875 3264 954 3307 mane
968 3249 1103 3307 fenestras

356 3350 455 3420 intrat,
470 3354 499 3405 et
512 3354 645 3421 angustas
658 3349 781 3406 extendit
791 3349 895 3406 lumine
909 3349 1000 3406 rimas.

356 3447 516 3519 stertimus,
530 3448 692 3506 indomitum
706 3448 780 3520 quod
792 3449 954 3518 despumare
968 3447 1102 3506 falernum

355 3539 495 3598 Sufficiat¹
507 3541 514 3596 i

298 3685 389 3761 Tum
405 3683 554 3759 delineat
571 3686 790 3763 iracundiam
802 3688 956 3788 juvenis,
968 3691 1131 3765 besterna
1144 3689 1227 3765 lassi
1240 3713 1314 3765 cra·

248 3808 350 3910 pulo,
378 3808 513 3883 nullam
541 3809 584 3884 ad
618 3833 692 3885 rem
721 3813 858 3902 idonei,
886 3836 981 3888 nunc
1011 3814 1192 3907 chartam,
1219 3838 1314 3891 nunc

249 3932 442 4023 calamum,
467 3953 563 4009 nunc
588 3943 841 4026 atramentum,
867 3936 984 4011 omnia
1010 3935 1162 4035 denique
1188 3947 1314 4036 praeter

284 4175 292 4213 ¹
307 4175 382 4233 Pers.
397 4178 458 4235 Sat.
472 4178 522 4250 111,
535 4191 562 4234 v.
578 4183 603 4234 t.
