3042 5086
793 522 839 595 58

285 666 385 764 plane
413 688 520 740 sanus
547 677 582 740 et
612 667 834 741 mediocriter
861 664 1020 739 eruditus
1052 687 1127 740 rem
1154 666 1241 739 tanti
1267 689 1347 742 mo-

282 785 407 875 menti,
424 796 459 859 et
476 808 553 882 quae
568 785 612 860 ad
625 788 741 884 ipsum
756 797 826 860 tam
843 808 950 884 prope
964 786 1113 876 accedit,
1129 808 1199 860 non
1219 789 1348 863 exami-

282 914 417 996 natam,
435 929 500 980 nec
517 907 744 1003 ponderatam
762 917 875 1004 potest
892 907 1099 1003 relinquere.
1119 906 1348 1006 1111111111-

283 1025 349 1100 bus
360 1027 488 1123 quibus
500 1027 647 1101 maxime
661 1027 751 1122 viget
761 1026 907 1100 deorum
923 1026 1055 1115 cultuS,
1069 1027 1233 1123 quisque,
1248 1038 1345 1102 ratus

283 1151 428 1224 alteram
446 1159 527 1248 post
541 1151 633 1225 hane
646 1151 718 1224 lore
735 1151 857 1241 vitam,
872 1149 985 1247 qualis
1000 1150 1060 1224 illa
1077 1152 1192 1226 lutura
1211 1151 1256 1225 sit
1277 1152 1345 1227 vita

282 1269 506 1368 potissimum
523 1270 612 1344 scire
630 1269 735 1368 cupit.
752 1269 837 1344 lnde
853 1292 930 1367 quae
945 1280 1020 1343 tum
1036 1270 1079 1344 de
1097 1272 1297 1347 coelestibus
1313 1287 1347 1348 et

282 1393 402 1468 inseris
419 1393 560 1468 sedibus
582 1405 665 1468 sunt
682 1417 701 1467 a
720 1394 831 1492 poetis
850 1394 973 1469 eximie
991 1395 1130 1493 scripta.
1155 1394 1242 1484 Sed,
1262 1419 1347 1470 cum

278 1519 351 1616 jam
370 1518 596 1614 religionibus
611 1519 727 1594 minor
745 1520 932 1595 adhibetur
949 1521 1052 1617 fides,
1070 1531 1105 1593 11
1120 1520 1208 1594 nihil
1226 1543 1348 1595 verum
1445 1527 1451 1534 ’

284 1641 425 1716 ducitur
438 1641 506 1714 nisi
523 1640 733 1716 firmissimis
751 1643 940 1718 subnixum
956 1643 1001 1716 sit
1019 1642 1252 1740 argumentis,
1271 1653 1347 1718 tum
1422 1731 1430 1754 1

283 1761 462 1851 homines,
486 1783 548 1835 sua
576 1773 653 1857 post
677 1771 827 1837 mortem
844 1751 1060 1868 conditione,
1078 1773 1119 1837 11
1136 1785 1263 1859 parurn
1280 1761 1347 1836 sci-

285 1885 364 1976 bili,
380 1886 554 1983 neglecta,
572 1897 692 1961 utrum
716 1886 910 1982 quidquam
929 1886 1067 1984 corpori
1091 1908 1169 1960 vere
1196 1885 1348 1983 supersit

285 2031 397 2083 necne
423 2019 561 2084 tantum
589 2018 723 2084 curant.
758 2008 832 2083 Tali
856 2009 972 2085 studio
1003 2009 1226 2085 vehementer
1252 2032 1348 2084 corn-

285 2133 386 2224 moti,
412 2132 456 2207 ad
482 2132 518 2207 id
547 2133 642 2230 quod
668 2141 833 2232 expetunt
858 2132 1346 2231 consequendum'explicant

284 2278 405 2332 omnes
425 2257 533 2346 vires,
548 2266 582 2330 et
599 2256 805 2355 sapientiam
821 2256 1025 2354 po'esimque
1050 2254 1129 2329 novi
1155 2256 1291 2354 generis
1309 2255 1345 2329 11

283 2374 400 2449 lucem
427 2375 585 2450 efferunt.
614 2375 760 2450 Etiamsi
778 2375 893 2450 omnis
920 2374 1089 2449 dubitatio
1107 2396 1179 2448 non
1197 2375 1243 2449 sit
1266 2374 1346 2450 sub·

282 2497 366 2589 lata,
393 2522 476 2574 curn
502 2522 557 2574 res
584 2509 720 2589 nostra,
744 2521 853 2595 eaque
877 2498 1044 2587 maxima,
1071 2507 1214 2594 agatur,
1239 2521 1344 2573 nemo

283 2624 326 2700 de
343 2646 382 2699 ea
400 2625 577 2701 incitatius
595 2634 629 2698 et
645 2624 812 2722 grandius
831 2622 960 2698 scribet
981 2633 1041 2697 aut
1058 2622 1237 2719 loquetur,
1260 2623 1344 2720 quin

283 2756 421 2820 nostros
456 2746 591 2821 animos
628 2745 800 2833 concitet,
836 2755 1040 2842 mentesque
1075 2756 1211 2821 nostras
1247 2745 1345 2842 quasi

283 2878 376 2941 extra
393 2865 517 2940 mundi
533 2866 620 2940 fines
638 2865 797 2961 abripiat.
816 2863 915 2937 Multi
942 2865 1037 2938 enim
1060 2876 1143 2940 sunt
1161 2864 1265 2939 hodie
1282 2866 1346 2938 ho-

282 2990 395 3064 mines
425 2989 484 3085 qui
510 2989 719 3063 miserandis
748 2987 816 3061 illis
848 2985 1000 3061 Hamleti
1030 2988 1191 3077 vocibus,
1223 2988 1345 3062 mortis

283 3111 445 3210 mysteria
475 3112 748 3209 perscrutantis,
774 3111 912 3207 gravius
940 3120 973 3184 et
998 3111 1238 3185 vehementius
1268 3111 1345 3184 affi-

284 3233 421 3309 ciantur
438 3255 544 3330 quarn
566 3233 647 3307 trita
666 3233 729 3306 ista
748 3243 783 3307 et
796 3233 950 3308 obsoleta
971 3231 1197 3306 Tartarorum
1213 3232 1346 3330 Elysio-

284 3376 404 3429 rumve
434 3354 682 3452 descriptione,
709 3377 786 3450 quae
817 3376 943 3451 parum
972 3353 1125 3428 credulis
1153 3354 1345 3450 legentium

284 3477 410 3551 animis
437 3476 644 3567 minimum,
670 3489 730 3551 aut
757 3500 801 3551 ne
823 3476 998 3550 mininam
1023 3477 1185 3574 quidem,
1208 3490 1344 3552 motum

284 3601 405 3676 afferre
424 3601 520 3674 solet.

331 3719 532 3794 Plurimum
556 3718 646 3793 inter
664 3719 791 3793 stoicos
810 3718 852 3792 de
868 3719 1067 3792 animorum
1085 3719 1346 3796 immortalitate

285 3846 519 3934 disconvenit3
536 3867 618 3918 nam
644 3843 701 3918 alii
721 3843 881 3918 animum
906 3844 1074 3918 continuo
1098 3867 1180 3918 cum
1202 3867 1347 3944 corpore

285 3966 473 4063 exstingui,
487 3965 545 4038 alii
565 3975 735 4038 aeternum
759 3986 840 4038 eum
857 3985 958 4058 agere
976 3984 1108 4051 aevum,
1127 3963 1185 4036 alii
1205 3965 1347 4040 tandem

285 4109 366 4162 eum
385 4109 457 4161 non
475 4109 631 4184 semper,
655 4085 716 4160 sed
735 4086 813 4174 diu,
837 4096 916 4183 post
933 4084 1090 4182 eorporis
1108 4095 1278 4176 mortem,
1296 4086 1348 4159 vi-

285 4232 361 4284 vere
379 4209 585 4283 existimant.
600 4207 691 4293 Quin
707 4207 830 4298 etiam,
845 4206 938 4281 idem
956 4219 1078 4282 auctor
1090 4230 1160 4282 non
1174 4206 1240 4282 sibi
1253 4231 1347 4282 sern-
