3042 5086
688 533 735 606 39

179 671 340 747 exsilium
369 673 464 749 acti‘l
498 674 584 762 Quia
614 677 793 756 Helvidius
823 689 857 755 et
883 679 1053 756 Thraseas
1080 681 1124 757 ab
1151 682 1243 760 Aru·

177 795 258 870 leno
277 805 312 872 et
329 796 523 874 Senecione
549 801 585 875 in
610 803 749 902 seriptis
771 804 938 878 dilaudati
962 805 1116 896 lucrant,
1140 817 1243 882 uteo

177 918 230 993 vel
257 920 331 995 solo
360 923 585 999 manifestum
609 927 653 1001 sit
675 927 766 1004 inter
786 928 971 1026 magistros
994 940 1029 1005 et
1053 929 1244 1028 discipulos

179 1062 322 1115 causam
349 1042 455 1118 luisse
479 1045 624 1121 omuino
656 1071 893 1125 communem.
926 1050 1062 1148 ltaque,
1088 1060 1139 1125 tot
1166 1062 1245 1148 post

175 1161 323 1252 saecula,
347 1165 467 1239 nescio
486 1188 557 1263 quo
576 1167 667 1242 inter
691 1170 776 1243 tales
799 1169 890 1244 viros
908 1169 1111 1245 discrimine
1135 1171 1243 1263 lacto,

175 1283 241 1356 hos
260 1283 421 1375 laudare,
440 1286 519 1361 illos
536 1287 733 1387 vituperare
755 1312 826 1364 non
844 1289 932 1364 mibi
955 1290 1090 1387 aequius
1107 1289 1244 1366 videtur

176 1429 286 1504 quam
304 1407 333 1482 si
351 1408 446 1506 quis,
464 1410 665 1487 christianae
682 1410 861 1509 religionis
886 1422 1055 1512 martyres
1078 1413 1244 1488 orationi-

177 1530 245 1605 bus
264 1529 449 1623 extollens,
467 1533 645 1632 religionis
665 1535 832 1634 'ejusdem
858 1535 1018 1612 doctores
1043 1536 1158 1614 verbis
1185 1538 1245 1613 de-

180 1651 331 1746 primere
348 1653 439 1727 velit.
517 1721 518 1728 ,
784 1661 790 1670 ’

227 1773 315 1849 Cum
334 1786 453 1852 noster
470 1778 629 1876 egregius
648 1779 799 1876 scriptor
824 1780 996 1879 posuerit,
1024 1780 1151 1856 stoicos
1170 1801 1245 1856 esse

178 1899 323 1992 stultos,
341 1901 384 1977 ad
408 1901 526 1978 inania
556 1905 621 1980 sibi
649 1905 812 2002 fingenda
840 1928 990 2004 pronos,
1008 1916 1042 1980 et
1066 1906 1154 1980 nihil
1172 1907 1246 2005 ple-

176 2044 328 2120 rumque
345 2025 514 2122 aucupari
532 2026 600 2100 nisi
625 2025 730 2101 rerba
748 2041 782 2102 et
805 2049 923 2117 voces,
949 2050 1020 2101 non
1045 2037 1097 2102 est
1114 2028 1244 2102 mirum

176 2145 206 2219 si
221 2168 261 2219 ex
287 2146 341 2220 his
360 2147 525 2222 omnibus
544 2148 774 2238 concluserit,
797 2149 905 2225 Persii
935 2148 1118 2245 ingenium
1136 2149 1179 2224 ab
1203 2150 1246 2223 iis
1337 2167 1340 2174 ’

176 2266 285 2340 fuisse
307 2267 533 2365 depravatum
555 2278 807 2365 corruptasque
823 2290 985 2343 romanas
1005 2267 1147 2342 litteras.
1171 2267 1246 2365 Ego

175 2412 257 2464 uero
270 2392 435 2489 praeclara
448 2415 468 2466 e
483 2390 631 2466 Zenonis
646 2390 764 2465 schola
781 2413 846 2465 nec
861 2400 956 2465 tanta
969 2390 1061 2466 mala
1074 2413 1150 2466 esse
1163 2412 1245 2489 pro·

177 2513 282 2604 lecta,
299 2537 364 2590 nee
377 2513 551 2612 proficisci
571 2513 725 2611 potuisse
744 2514 913 2588 existimo.

227 2635 342 2712 Stoica
367 2637 604 2725 institutione,
631 2636 724 2710 velut
740 2636 818 2710 labe
847 2636 983 2734 aliqua,
1002 2636 1107 2710 latina
1127 2639 1243 2736 poesis

177 2755 266 2829 mibi
295 2763 389 2830 certo
416 2754 574 2847 laborare
603 2754 798 2845 videretur,
829 2754 858 2829 si
885 2754 997 2868 Persii
1022 2755 1243 2854 aliorumque

178 2877 454 2952 stoicissantium
472 2887 655 2975 poetarum
674 2877 857 2975 ingenium
875 2890 952 2953 tum
968 2878 1157 2954 sublimius
1176 2880 1246 2956 ela-

178 3006 255 3071 tum
273 2997 412 3088 luisset,
439 3019 523 3073 cum
551 3021 591 3072 ex
616 2998 720 3072 arctis
745 2998 850 3096 hujus
876 2998 1070 3097 disciplinae
1095 2998 1260 3074 uinculis¹

178 3123 278 3220 quasi
294 3123 509 3215 evolavisset;
528 3124 589 3198 sed
604 3123 640 3196 id
656 3133 776 3198 contra
789 3123 903 3197 evenit
916 3124 1035 3198 nescio
1050 3124 1245 3221 quomodo,
1346 3203 1349 3209 ,

178 3258 218 3320 ut
235 3257 366 3343 quanto
391 3246 502 3343 magis
518 3244 655 3343 ingenia
674 3245 902 3342 implicantur
920 3244 1143 3341 dogmatibus
1161 3246 1244 3319 stoi·

179 3394 322 3462 corum,
340 3380 436 3446 tanto
455 3371 600 3447 feliciori
626 3371 789 3445 a'ltlentur
814 3370 949 3467 spiritu.
974 3369 1058 3456 Quis
1081 3382 1134 3444 est
1150 3371 1244 3445 enim

179 3498 239 3595 qui
259 3519 329 3571 non
347 3497 511 3586 lateatur,
536 3519 605 3571 non
631 3496 745 3570 solum
770 3496 897 3587 Persii,
922 3496 983 3570 sed
1000 3495 1155 3587 Senecae,
1174 3497 1245 3572 Lu-

179 3623 257 3698 cani
276 3631 310 3697 et
325 3621 458 3697 Manilii
475 3645 594 3697 versus
612 3644 687 3696 esse
711 3622 852 3696 eosdem
879 3630 913 3696 et
933 3621 1190 3720 pulcherrimos
1212 3632 1247 3697 et

179 3743 331 3818 maxime
357 3743 508 3818 stoicos?
532 3743 604 3817 Nec
633 3751 672 3816 ut
697 3765 752 3816 res
778 3742 877 3816 aliter
902 3764 977 3816 sese
1004 3742 1149 3818 haberet
1173 3741 1246 3816 ullo

178 3867 284 3941 modo
311 3866 385 3939 fieri
414 3865 546 3963 potuit,
571 3864 857 3962 quandoquidem
885 3864 921 3936 hi
947 3873 1057 3962 poetae
1086 3863 1244 3959 germani

178 3998 278 4063 erant
295 3987 414 4078 stoici,
437 3997 472 4062 et
500 4011 540 4062 eo
571 3987 727 4062 viridiori
757 3985 983 4085 rapiebantur
1008 3988 1156 4085 impetu,
1176 4010 1246 4084 quo

181 4111 248 4186 sibi
274 4112 423 4187 cariores
446 4109 688 4209 exprimebant
704 4132 839 4186 sensus.
868 4109 904 4184 Si
923 4109 1108 4184 bominum
1132 4132 1247 4185 mores

163 4234 302 4312 ¹minus
329 4233 477 4311 feliciter
503 4221 780 4340 descripserunt,
810 4235 877 4311 hoc
902 4233 1024 4312 saltem
1053 4232 1161 4312 nobili
1189 4233 1248 4312 de·
