3042 5086
670 536 718 608 65

157 677 264 752 busto
284 678 542 777 prosilientem,
565 704 712 780 eamque
738 682 840 758 nobis
856 681 1009 757 ostendit
1020 683 1091 780 jam
1109 683 1228 758 srueu-

159 809 232 873 tem
263 821 402 873 summa
426 823 532 899 pace,
557 801 697 900 altoque
722 825 740 877 e
770 801 858 878 coelo
885 801 1048 899 reliquias
1073 802 1229 902 corporis

158 917 413 1017 despicientem
428 945 436 992 :

270 1153 276 1166 .
316 1153 322 1167 .
361 1153 368 1168 .
406 1153 413 1168 .
450 1113 510 1172 ltlic
526 1118 671 1186 postquam
684 1130 715 1174 se
728 1117 831 1174 lumine
845 1129 911 1174 vero

267 1208 404 1281 Implevit,
420 1211 571 1283 stellasque
585 1227 667 1284 vagas
680 1213 796 1270 miratus
809 1219 925 1272 clastra

268 1305 334 1362 Fixa
348 1307 434 1380 polis,
449 1308 518 1366 vidit
531 1315 633 1380 quanta
649 1310 701 1368 sub
715 1317 796 1368 nocte
805 1311 914 1381 jaceret

269 1400 368 1460 Nostra
382 1401 457 1474 dies,
471 1403 586 1475 rlsthuo
598 1404 642 1462 sui
655 1403 774 1462 ludibria
786 1405 877 1462 trunci
891 1403 907 1463 ¹.

210 1568 322 1644 Nemo
336 1582 389 1644 est
405 1580 498 1646 certe
520 1572 599 1670 puri
617 1570 816 1669 sincerique
828 1570 972 1670 judicii,
991 1570 1052 1668 qui
1070 1569 1232 1644 Homeri-

166 1693 212 1768 cis
229 1693 502 1793 virgilianisque
516 1695 586 1772 illis
605 1696 839 1787 carminibus,
863 1695 991 1795 quibus
1012 1708 1083 1770 tam
1102 1696 1230 1770 vividas

164 1813 408 1912 animosasque
427 1816 576 1891 heroum
599 1829 821 1892 mortuorum
840 1831 1084 1916 expresserunt
1108 1815 1233 1912 imagi-

162 1956 240 2022 nes,
269 1933 345 2008 baec
369 1935 468 2011 stoici
498 1936 681 2036 cujusdam
705 1936 812 2036 Elysii
831 1959 850 2011 a
869 1935 1011 2022 Manilio
1031 1946 1065 2010 et
1088 1935 1232 2010 Lucano

160 2056 215 2130 vix
241 2057 451 2133 adumbrata
471 2059 568 2158 signa
588 2060 716 2135 audeat
744 2071 965 2157 anteponere.
994 2055 1160 2132 Libenter
1185 2068 1233 2130 ta·

160 2202 245 2254 men
270 2181 515 2257 affirmaverim
539 2182 818 2282 praestantiorem
846 2181 883 2254 in
913 2183 1043 2255 borum
1070 2200 1177 2276 quam
1195 2178 1231 2252 in

125 2300 129 2308 ’
161 2299 305 2375 illorum
324 2312 441 2378 mente
459 2304 614 2402 speciem
632 2302 776 2400 perlecti
803 2301 1031 2399 ejusdemque
1052 2298 1145 2373 beati
1167 2297 1232 2370 ho-

161 2419 269 2494 minis
286 2420 474 2514 insedisse,
493 2445 600 2520 quam
618 2421 731 2497 verbis
749 2420 907 2496 absolute
925 2420 1062 2494 efficere
1078 2440 1149 2492 non
1167 2440 1229 2515 po·

165 2549 330 2633 luerunt,
364 2553 397 2617 et
428 2567 505 2642 quae
534 2543 766 2619 nihilominus
800 2543 958 2643 ipsorum
990 2543 1027 2616 in
1056 2539 1231 2629 versibus,

162 2663 264 2761 quasi
279 2687 341 2764 per
356 2665 558 2764 caliginem,
576 2666 721 2742 videtur.
739 2667 796 2742 Sic
813 2665 864 2740 illi
878 2665 985 2740 medii
1003 2663 1065 2738 aevi
1080 2663 1231 2738 artifices

162 2811 332 2886 quorum,
346 2790 474 2865 nostris
488 2791 543 2866 bis
559 2791 794 2891 temporibus,
808 2802 904 2866 tanta
919 2800 1056 2865 nostros
1070 2787 1231 2868 homines

162 2911 306 2987 incessit
336 2914 536 3006 admirati0,
569 2916 778 3013 cogitatione
809 2917 1003 3014 perlectum
1034 2912 1167 3010 aliquid
1198 2921 1232 2986 et

163 3033 335 3108 excellens
348 3036 685 3135 complectebantur,
699 3036 794 3134 quod
808 3037 860 3111 vix
873 3035 1102 3135 percipimus,
1118 3033 1232 3130 suspi-

164 3177 287 3230 camur
311 3167 447 3248 tamen,
471 3157 644 3232 inchoatis
672 3179 795 3231 eorum
825 3157 861 3230 in
888 3155 1063 3252 operibus.
1093 3153 1230 3239 Quanto

163 3274 258 3349 enim
284 3274 342 3349 ille
368 3276 501 3352 Lucani
527 3275 733 3375 Pompeius,
760 3285 820 3350 aut
850 3275 938 3350 alius
963 3272 1128 3370 quilibet,
1148 3273 1229 3369 qui,

163 3381 288 3474 uirtute
316 3410 452 3474 evectus
481 3401 525 3475 ad
553 3421 697 3498 superas
725 3398 871 3488 domos,
897 3395 1083 3471 bominum
1109 3393 1230 3469 inanes

165 3542 267 3595 curas
286 3531 320 3594 et
334 3543 442 3598 caecas
456 3521 637 3622 cupidines
654 3519 863 3610 coutemnit,
878 3517 1106 3594 Homericum
1122 3516 1230 3592 istum

163 3645 336 3722 Achillem
356 3659 513 3746 praestat,
531 3648 617 3724 adeo
636 3647 707 3723 suis
722 3648 759 3722 in
772 3645 897 3745 Elysiis
915 3645 1048 3743 campis
1066 3654 1125 3719 aut
1142 3643 1229 3717 inle-

163 3770 269 3846 licem
296 3783 356 3846 aut
378 3784 571 3865 amentem,
597 3784 655 3865 ut,
682 3773 711 3848 si
735 3772 840 3846 modo
864 3770 939 3844 vitae
963 3780 1080 3868 posset
1105 3767 1230 3840 iterare

164 3918 326 3985 cursum,
344 3896 492 3995 turpiter
509 3898 621 3972 sactus
637 3896 679 3969 de
697 3918 778 3991 rege
801 3916 938 3984 servus,
956 3890 1102 3988 rigando
1119 3899 1155 3962 et
1169 3911 1229 3963 eo-

163 4018 267 4096 lendo
302 4021 441 4097 hortulo
473 4019 714 4095 formidolosas
749 4017 881 4094 locaret
909 4013 1054 4090 manusl
1091 4013 1228 4099 Quanto

200 4261 605 4336 *cuaraoepnmnn

261 4381 293 4434 r.
