3042 5086
814 475 861 546 56

307 625 404 698 nium
431 624 634 698 voluntates.
663 623 776 720 ipsam
804 623 920 720 itaque
949 623 1123 721 praecipue
1150 621 1212 694 Dei
1237 623 1368 695 summi

304 747 537 837 voluntatem,
557 746 657 843 cujus
684 757 835 845 potestas
863 745 1145 844 insuperabiliter
1163 753 1370 841 percuncta

305 867 512 967 porrigitur,
532 889 591 941 eos
609 867 784 964 appellare
802 869 911 942 latum
930 867 980 940 sic
998 866 1234 964 probatur¹.n

352 987 525 1061 Praeterea
541 987 576 1060 in
596 986 703 1060 stoica
719 987 761 1060 de
778 988 846 1060 lato
868 987 1037 1060 sententia
1061 984 1215 1060 sublime
1235 982 1371 1081 aliquid

306 1113 397 1186 inest
414 1123 449 1184 et
463 1109 737 1199 subobscurum,
756 1110 849 1206 quod
868 1133 950 1185 curn
965 1131 1085 1183 omnes
1104 1107 1264 1183 omnium
1279 1118 1371 1180 tem-

305 1253 429 1327 porum
455 1240 591 1329 poetas,
617 1239 692 1303 tum
719 1252 777 1304 eos
799 1228 948 1303 maxime
964 1229 1064 1302 decet
1080 1229 1140 1326 qui
1161 1225 1370 1301 florentissi-

304 1354 371 1427 mis
397 1352 523 1426 mundi
548 1352 706 1427 aetatibus
733 1353 927 1449 viguerunt.
953 1351 1060 1426 Stoici
1084 1353 1179 1426 enirn
1206 1373 1288 1426 oum
1313 1349 1370 1422 his

212 1485 214 1494 ’
305 1475 481 1573 praecipue
511 1486 644 1549 certant
672 1477 731 1572 qui
764 1477 880 1551 omnia
911 1499 1002 1551 caeco
1032 1498 1115 1550 casu
1146 1475 1222 1548 fieri
1251 1483 1285 1548 et
1310 1495 1371 1546 vo-

305 1598 406 1673 lubili
431 1600 569 1673 lortnna
595 1602 668 1697 regi
692 1602 827 1691 volunt,
855 1625 921 1700 qua
946 1601 1110 1700 opinione
1136 1599 1224 1673 nihil
1247 1599 1314 1673 arti
1335 1611 1371 1672 et

305 1719 480 1809 scientiae,
508 1743 586 1816 quae
614 1721 650 1792 in
682 1720 803 1794 ordine
832 1721 982 1795 maxime
1013 1730 1193 1811 constant,
1221 1719 1370 1793 inveniri

305 1853 418 1940 potest
441 1845 703 1942 repugnantius.
730 1842 856 1917 Contra
883 1866 941 1918 eos
968 1866 1108 1941 quoque
1132 1842 1369 1932 contendunt,

305 1968 365 2063 qui
391 1966 479 2041 Deos
506 1968 648 2064 quidem
681 1968 829 2042 credunt
857 1991 931 2041 esse
959 1991 1077 2042 rerum
1109 1979 1278 2055 rectores,
1306 1966 1368 2040 sed

305 2091 384 2165 illos
411 2092 496 2166 adeo
521 2092 705 2166 hominum
733 2091 865 2166 similes
895 2092 960 2167 sibi
987 2092 1142 2187 fingunt,
1170 2101 1209 2163 ut
1238 2089 1280 2162 iis
1307 2089 1367 2185 qui

306 2226 415 2289 terras
447 2229 617 2290 noverunt
650 2215 778 2290 coelum
810 2215 912 2313 plane
947 2225 1068 2290 notum
1098 2235 1172 2287 esse
1200 2211 1366 2285 videatur.

306 2333 415 2407 Porro
433 2333 520 2406 nihil
539 2335 604 2409 hae
620 2335 729 2409 Taciti
745 2335 914 2410 sententia
933 2335 1047 2407 verius
1065 2343 1099 2406 et
1115 2332 1288 2428 insignius
1306 2355 1369 2405 un-

307 2479 412 2551 quam
441 2455 506 2529 luit
536 2457 693 2530 dietum:
730 2456 875 2530 «Omne
903 2455 1060 2550 ignotum
1092 2475 1155 2550 pro
1182 2450 1368 2548 magnifico

307 2579 426 2649 esti.»
448 2577 537 2672 Ergo
553 2577 744 2673 unicuique
763 2578 864 2651 estin
883 2587 1063 2674 promptu,
1078 2598 1148 2648 non
1167 2575 1266 2648 tritos
1284 2575 1368 2648 istos

308 2699 409 2787 deos,
428 2721 516 2794 quos
531 2700 672 2794 vrrlgos,
690 2723 759 2773 non
779 2722 879 2773 secus
898 2722 938 2772 ae
953 2698 1083 2773 vicinos
1101 2721 1200 2787 snos,
1217 2697 1282 2771 sibi
1305 2718 1368 2769 no-

309 2829 360 2891 tos
383 2827 496 2914 putat,
515 2819 576 2890 sed
596 2819 762 2906 obscura,
781 2819 968 2915 ignotaque
986 2818 1044 2890 illa
1065 2819 1148 2907 lata,
1168 2817 1255 2891 nihil
1273 2817 1366 2914 quod

308 2941 488 3015 hominem
515 2940 668 3016 redoleat
696 2941 876 3029 habentia,
908 2940 1171 3039 prudentissimi
1199 2941 1368 3038 cujusque

308 3065 465 3138 animum
484 3087 685 3163 permovere
703 3087 814 3162 posse.

357 3187 440 3272 Quae
457 3188 507 3262 vis
520 3188 597 3277 lati,
613 3188 755 3261 rationis
771 3188 944 3285 particeps
962 3210 1002 3262 ac
1018 3190 1135 3263 nescia
1147 3188 1367 3276 mutationis,

308 3311 437 3386 clarius
455 3322 488 3384 et
511 3312 648 3409 planius
672 3335 708 3386 se
726 3291 1055 3408 praebetvidendam
1077 3311 1113 3384 in
1139 3312 1241 3386 certis
1264 3312 1367 3385 ratis-

309 3458 376 3530 que
394 3435 529 3529 legibus
544 3458 622 3532 quae
641 3434 769 3509 crelam
786 3445 821 3509 et
837 3445 962 3523 terraS,
982 3459 1077 3509 mare
1096 3446 1129 3509 et
1144 3459 1221 3509 aera
1239 3447 1368 3532 tempe-

309 3569 403 3647 rant,
423 3581 527 3654 quarn
546 3559 582 3630 in
601 3559 666 3632 hac
690 3560 854 3632 humanae
870 3559 947 3631 vitae
964 3559 1055 3632 varia
1074 3582 1114 3634 ac
1135 3559 1295 3633 mutabili
1313 3581 1367 3631 ra-

308 3680 412 3753 tione.
433 3679 517 3753 inde
541 3679 724 3768 luculenti,
750 3681 802 3753 vel
817 3680 932 3777 potius
956 3681 1062 3753 divini
1087 3703 1220 3770 versus,
1239 3681 1366 3777 quihus

309 3803 617 3900 praestantissimus
628 3813 721 3876 vates
732 3826 959 3900 quemnuper
969 3804 1147 3876 Britannia
1159 3804 1366 3894 tulit,Ocea-

308 3948 394 3998 num
414 3924 611 4020 alloquitur.
632 3924 832 4022 Splendidis
850 3937 965 3999 autern
980 3926 1153 4017 versibus,
1174 3950 1261 4023 quos
1278 3927 1366 4024 Byro

346 4126 352 4162 ¹
368 4126 480 4196 August.
497 4132 537 4182 De
552 4129 609 4184 Cio.
624 4131 691 4194 Det,
707 4127 725 4184 l.
738 4130 769 4200 V,
783 4144 808 4186 c.
822 4135 847 4183 8.

344 4219 432 4277 2Tac.
448 4225 544 4293 Apric.
560 4227 619 4293 alh,
634 4237 657 4278 o.
673 4227 715 4279 30.
