3042 5086
656 459 703 534 17

150 624 222 698 quo
247 611 433 677 moventur
451 614 596 696 cuncta,
614 628 678 680 nee
696 607 1045 698 rubentemlulmine
1059 608 1215 684 dextram

150 723 331 813 timentes,
345 724 441 799 hune
460 724 583 814 deum,
601 726 808 801 coacervatis
831 727 1044 820 rationibuS,
1062 729 1105 804 de
1129 731 1215 804 solio

151 845 374 942 dejeceruut;
402 868 485 920 oum
515 847 614 944 pueri
640 858 784 924 elanus
809 849 1000 925 Cerberum
1028 861 1062 924 et
1088 850 1217 929 interos

145 970 221 1068 jam
240 979 397 1044 metuere
420 968 618 1062 desieruut;
637 993 718 1045 oum
743 972 916 1046 horrenda
935 972 1114 1069 quondam
1137 996 1218 1072 saga

149 1095 364 1184 mansuevit,
378 1093 573 1191 puellisque
588 1095 631 1169 ad
646 1096 860 1171 eredendum
875 1096 1040 1193 segnibus
1056 1109 1219 1175 eventura

150 1218 269 1292 medio
288 1218 324 1291 in
343 1218 417 1292 foro
435 1218 683 1316 pronuntiare,
701 1229 736 1294 et
752 1219 890 1294 duobus
911 1221 1047 1296 assibus
1071 1223 1221 1299 vendere

75 1385 78 1392 ·
151 1341 316 1417 vaticinia
336 1341 458 1440 eoepit,
482 1351 558 1416 tum
577 1342 749 1418 obsoletas
775 1343 858 1418 istas
882 1343 1017 1420 tabulas
1041 1363 1221 1423 resumere

151 1484 194 1536 ae
216 1460 374 1535 versibus
402 1470 607 1552 retractare,
633 1461 765 1558 aliquid
795 1462 939 1538 haberet
964 1464 1012 1539 ita
1036 1465 1160 1541 fiotum
1188 1476 1223 1541 et

154 1580 381 1670 simulatum,
408 1590 448 1654 ut
465 1580 553 1655 nibil
572 1583 683 1679 magis
702 1582 828 1658 salsum
854 1595 913 1658 aut
938 1585 1121 1684 frigidum,
1142 1611 1222 1663 meo

157 1701 298 1798 quidem
313 1700 464 1799 judicie,
483 1707 600 1800 posset
617 1703 813 1798 excogitari.
838 1702 937 1779 Tune
953 1705 1030 1779 volo
1049 1717 1165 1806 poeta,
1183 1716 1224 1781 ut

153 1845 308 1922 semper,
326 1846 405 1920 quae
420 1823 525 1897 sentit
546 1833 579 1898 et
601 1825 743 1921 cogitat,
760 1848 837 1922 quae
855 1837 950 1900 amat
965 1827 1018 1903 vel
1037 1829 1128 1919 odit,
1147 1828 1222 1903 sine

152 1947 234 2020 luco
253 1946 424 2043 exprimat
442 1956 476 2020 et
490 1946 658 2020 enuntiet.
674 1946 749 2021 Hoc
762 1947 866 2038 mihi,
880 1948 986 2023 Β31331
1000 1951 1110 2025 nostri
1125 1974 1223 2050 paee,

152 2068 281 2143 dixisse
296 2069 398 2143 113331
415 2093 422 2140 :
444 2068 549 2142 rebus
569 2069 696 2165 quibus
715 2069 834 2144 nullus
855 2080 907 2145 est
924 2070 960 2144 in
979 2072 1156 2147 mentibus
1171 2074 1223 2146 lo-

154 2212 238 2280 ono,
256 2189 298 2262 iis
325 2188 443 2262 nullus
462 2188 498 2261 in
520 2187 675 2262 versibus
696 2211 771 2262 esse
790 2188 903 2263 debet.
931 2190 1021 2264 Satis
1040 2191 1101 2265 diu
1118 2192 1223 2265 Tem-

153 2335 221 2410 pus
250 2295 472 2408 horologium
499 2310 625 2407 gessit,
652 2311 865 2407 Themisque
891 2311 1053 2385 manibus
1083 2335 1220 2410 aequam

154 2435 296 2540 libravit
320 2435 456 2509 lauaem
468 2460 477 2524 ;
495 2433 587 2508 haue
614 2433 756 2507 tandem
777 2434 934 2509 excidere
952 2435 1057 2524 sinat,
1078 2435 1222 2534 ipsaque

155 2560 276 2633 valeat.
307 2557 400 2631 Satis
428 2556 488 2630 diu
512 2555 715 2653 Neptunus,
737 2556 907 2632 ambabus
933 2557 1061 2632 iullatis
1084 2559 1241 2649 buccis*
1361 2617 1369 2630 .

156 2681 336 2781 increpuit
353 2682 496 2770 fluetus,
514 2680 765 2778 squalidusque
784 2681 921 2756 Charon
939 2682 975 2755 in
994 2682 1088 2757 unda
1107 2683 1221 2782 Stygia

158 2807 351 2906 navigavit:
370 2805 525 2910 ¹emeritis
551 2804 692 2879 tandem
717 2805 916 2912 stipendiis,
937 2806 1021 2882 31133
1045 2806 1143 2882 sedes
1160 2830 1222 2906 pe·

157 2935 255 3003 tant·

206 3051 289 3125 Viro
309 3057 433 3123 natura
450 3067 637 3144 generos0,
656 3058 689 3119 et
712 3046 768 3120 oui
786 3057 908 3143 pectus
926 3058 979 3123 est
999 3048 1144 3122 honesto
1162 3049 1220 3122 in-

162 3183 319 3262 coctum,
335 3169 468 3269 justitio
486 3169 538 3243 rel
562 3168 671 3259 nuda,
692 3180 725 3242 et
749 3169 823 3243 sine
842 3169 942 3244 istius
960 3172 1056 3244 modi
1074 3171 1220 3269 insigni-

163 3297 247 3384 bus,
271 3293 353 3368 satis
370 3290 435 3366 erit
449 3290 654 3364 veneranda.
675 3288 740 3374 Qui
759 3289 945 3386 aliquando
964 3291 1055 3365 celsa
1073 3292 1115 3366 de
1134 3317 1222 3391 rupe

163 3418 376 3492 immensum
406 3437 503 3488 mare
529 3411 722 3510 prospexit,
752 3435 873 3486 serum
903 3423 1068 3511 reputans
1100 3436 1222 3490 omnes

163 3562 299 3642 pugnas
314 3538 389 3637 ejus
407 3537 442 3611 in
456 3536 622 3611 tluotibus
636 3535 841 3626 debellataS,
854 3536 1029 3632 urbesque
1047 3535 1082 3609 in
1099 3535 1224 3611 littori-

163 3659 230 3735 bus
244 3660 376 3734 dirutas
388 3655 541 3731 vicissim
556 3664 590 3730 31
601 3655 803 3748 aedifioatas;
816 3655 877 3752 qui
890 3655 925 3729 in
940 3655 1018 3730 vitae
1032 3656 1224 3753 mortisque

165 3802 292 3854 aroana
321 3798 577 3874 nonnunquam
602 3776 728 3850 mentis
756 3775 866 3850 aciem
894 3777 1050 3867 retorsit,
1074 3787 1107 3850 et
1131 3775 1226 3851 unde

166 3902 240 4000 ipse
264 3900 398 3990 veniat,
418 3900 495 3998 quis
518 3899 578 3990 sit,
598 3921 668 3997 quo
694 3909 764 3990 331,
790 3898 936 3974 sollicite
960 3897 1179 3997 perquisivit;
1197 3898 1226 3972 is

163 4038 296 4102 vestros
310 4026 394 4101 istos
419 4026 528 4101 aniles
552 4025 652 4115 deos,
668 4025 768 4121 quasi
786 4025 898 4099 nervis
917 4025 1039 4098 alienis
1056 4046 1131 4098 sese
1148 4045 1226 4099 mo·

167 4161 305 4242 ventes,
325 4149 529 4226 admirabile
548 4161 600 4226 est
622 4161 792 4248 quantum
816 4148 968 4224 fastidiat
984 4158 1018 4224 31
1042 4150 1228 4250 adsperna-

254 4305 285 4362 F·
1039 4287 1052 4331 Ξ
