3042 5086
695 567 742 642 25

183 735 246 825 let,
273 735 408 834 impetu
435 745 468 809 et
497 735 540 809 ad
565 734 737 811 feriendos
760 734 1082 836 permovendosque
1110 736 1249 813 animos

182 859 296 956 magis
325 860 612 950 accommodato,
637 882 707 936 non
735 869 853 935 tamen
878 859 954 936 sine
979 858 1113 934 libratis
1142 861 1251 936 artifi-

182 978 276 1054 ciose
303 979 504 1053 sententiis:
525 979 675 1054 «Unum
702 979 880 1072 studium,
906 979 1037 1078 inquit,
1062 1002 1140 1054 vere
1162 980 1251 1056 libe·

181 1100 254 1174 rale
281 1110 349 1191 est,
366 1101 460 1198 quod
484 1100 637 1176 liberum
663 1101 760 1192 iacit,
784 1102 853 1177 hoc
877 1102 1055 1200 sapientiae
1081 1101 1248 1194 sublime,

180 1227 286 1318 sorte,
302 1227 588 1324 magnanimum:
609 1237 732 1302 caetera
746 1225 873 1327 pusilla
891 1239 925 1301 et
942 1225 1087 1326 puerilia
1102 1230 1247 1301 sumt»

181 1348 273 1422 Tum
288 1358 399 1446 poetae
412 1360 445 1423 et
459 1347 699 1444 grammatici,
722 1346 848 1421 musici
866 1355 899 1420 et
923 1357 1110 1442 geometrae
1135 1347 1250 1422 studia

181 1467 306 1546 studiis
324 1469 408 1543 boni
426 1467 665 1568 sapientisque
693 1469 756 1542 viri
783 1479 983 1567 comparata
1002 1469 1198 1567 deprimere
1215 1481 1251 1544 et

183 1589 371 1664 obscurare
387 1598 551 1664 conatur:
573 1615 590 1662 u
605 1588 738 1675 Quaeris
756 1588 895 1687 Ulysses
913 1587 971 1663 ubi
987 1589 1167 1677 erraverit,
1183 1589 1247 1678 ait,

184 1711 299 1812 potius
324 1734 431 1810 quam
458 1711 588 1788 efficias
607 1735 650 1788 ne
672 1733 735 1802 nos
761 1735 900 1810 semper
924 1733 1130 1787 erremus...
1157 1710 1247 1798 Quid

163 1916 166 1922 ,
181 1835 330 1934 inquiris
348 1859 392 1910 an
411 1835 586 1934 Penelopa
602 1837 780 1936 impudica
798 1836 921 1925 suerit,
939 1858 984 1910 an
999 1834 1102 1911 verba
1118 1836 1246 1910 saeculo

179 1957 350 2032 dederit...
372 1957 465 2034 Doce
482 1979 540 2034 me
555 1959 641 2058 quid
658 1960 703 2034 sit
718 1959 887 2058 pudicitia
905 1968 939 2033 et
960 1967 1133 2057 quantum
1150 1959 1188 2032 in
1207 1981 1247 2033 ea

177 2077 350 2153 bonum...
372 2077 484 2153 Doces
501 2101 559 2154 me
577 2078 754 2176 quomodo
776 2080 868 2153 inter
890 2099 927 2152 se
944 2087 1055 2153 acutae
1069 2100 1110 2152 ac
1127 2100 1248 2176 graves

176 2218 280 2272 voces
299 2207 528 2272 consonent...
546 2197 618 2272 Fac
636 2199 755 2297 potius
771 2198 948 2295 quomodo
968 2198 1107 2272 animos
1124 2220 1247 2274 secum

177 2343 280 2395 meus
309 2329 496 2411 consonet,
523 2344 589 2397 nec
615 2321 761 2397 consilia
787 2345 864 2396 mea
893 2323 1125 2420 discrepent...
1155 2323 1246 2409 Quid

177 2439 268 2513 mihi
285 2439 428 2540 prodest
442 2440 532 2516 scire
551 2440 706 2538 agellum
717 2439 754 2514 in
768 2449 883 2542 partes
898 2441 1069 2533 dividere,
1084 2441 1113 2518 si
1129 2445 1247 2519 nescio

178 2586 262 2639 cum
280 2564 386 2639 sratre
400 2563 629 2640 divideretis

226 2686 324 2762 Nihil
346 2697 406 2761 aut
424 2687 604 2778 subtilius,
622 2697 682 2761 aut
700 2687 864 2785 lepidius,
883 2696 945 2762 aut
965 2687 1087 2779 etiam,
1104 2692 1247 2766 mutatis

176 2811 369 2901 mutandis,
395 2811 509 2887 verius
527 2812 692 2887 eumdem
717 2812 811 2909 apud
838 2821 1016 2887 auctorem
1041 2812 1109 2909 legi
1132 2823 1247 2910 potest

177 2956 287 3030 quam
304 2932 448 3032 epistola
472 2933 509 3006 in
532 2955 599 3033 qua
617 2933 795 3030 queritur,
812 2955 907 3022 eam,
928 2955 1005 3029 qnae
1022 2933 1243 3034 philosophia

176 3053 263 3144 fuit,
289 3053 416 3128 factam
446 3075 521 3128 esse
548 3053 789 3152 philologiam.
821 3053 1072 3141 Grammatico,
1102 3064 1141 3128 ut
1169 3055 1244 3151 ipse

177 3175 442 3267 animadvertit,
468 3185 503 3251 et
524 3175 734 3273 philosopho
752 3172 789 3247 hi
813 3171 996 3267 Virgiliani
1019 3172 1048 3246 si
1075 3175 1243 3271 propositi

176 3296 309 3372 fuerint
325 3318 466 3372 versus:

285 3527 566 3544 .......
603 3485 685 3556 Fugit
698 3482 876 3555 irreparabile
889 3487 1012 3556 tempus.

284 3579 393 3651 Optima
406 3593 523 3652 quaeque
536 3579 596 3636 dies
609 3579 717 3636 miseris
729 3577 893 3636 mortalibus
907 3578 957 3635 aevi

284 3675 373 3732 Prima
385 3673 469 3746 fugit,

176 3836 295 3914 etalio
321 3837 586 3937 hujuscemodi,
610 3860 732 3936 quam,
757 3860 827 3913 non
853 3838 932 3913 dico
960 3837 1155 3926 contraria,
1170 3838 1242 3911 sed

177 3964 326 4054 diversa,
346 3974 380 4040 et
404 3964 503 4040 nulla
527 3987 566 4039 ex
594 3973 691 4062 parte
720 3964 947 4062 congruentia
974 3963 1084 4038 nostri
1110 3962 1243 4037 hiduo

213 4205 221 4244 ¹
238 4208 301 4263 Son.
316 4209 380 4280 Ep,
394 4215 436 4265 88.

214 4301 225 4342 ²
237 4303 326 4364 Idem.
