3042 5086
855 515 903 589 ld

325 658 424 756 phos.
440 657 558 755 Siqua
576 682 594 732 a
612 657 757 732 Platone
772 664 953 732 mutuatus
971 665 1023 730 est
1037 653 1203 750 Virgilius
1221 675 1299 751 quae
1317 675 1391 727 non

325 805 472 880 parvum
483 781 698 856 carminibus
709 782 1127 867 atteruntomementum
1137 791 1267 875 quanto
1276 777 1392 875 plura,

326 929 391 982 nec
418 908 535 981 minus
563 905 723 996 feliciter,
747 905 791 980 ab
815 904 967 1002 Epicuro
994 926 1057 978 suc
1085 901 1236 1000 sumpsit
1259 901 1393 974 Lucre-

325 1025 417 1116 tius,
440 1026 501 1123 qui
519 1037 624 1099 totam
644 1047 733 1123 pene
751 1024 826 1122 ejus
850 1021 1072 1120 disciplinam
1093 1020 1283 1120 splendidis
1305 1042 1391 1118 poe-

326 1173 403 1225 seos
425 1150 622 1226 luminibus
651 1149 865 1246 distinguere
889 1159 1033 1224 conatus
1056 1145 1124 1221 estl
1154 1146 1191 1221 Si
1215 1146 1293 1242 quis
1314 1168 1393 1220 car-

327 1269 421 1342 mina
450 1292 527 1366 quae
552 1269 606 1342 his
639 1268 766 1342 nostris
791 1267 825 1340 in
851 1266 1067 1363 temporibus
1094 1266 1130 1338 in
1157 1264 1272 1340 lucem
1299 1265 1392 1340 edita

327 1391 473 1465 luerunt
488 1390 724 1482 recensuerit,
746 1412 785 1463 ea
803 1388 878 1463 aliis
896 1388 1097 1486 pulchriora
1120 1399 1154 1462 et
1169 1386 1392 1485 exquisitiora

328 1512 475 1586 fortasse
503 1511 694 1610 judicabit,
721 1533 819 1609 quae,
847 1510 1038 1585 reconditis
1070 1533 1109 1585 ex
1139 1509 1270 1585 artibus
1297 1521 1392 1598 orta,
1500 1513 1501 1534 ¹

329 1633 572 1732 philosophico
587 1633 687 1730 quasi
703 1656 808 1708 succo
827 1643 976 1728 turgent.
996 1633 1048 1707 Ne
1062 1643 1262 1706 nostrorum
1278 1654 1394 1728 aequa-

329 1751 417 1827 lium
431 1753 574 1827 nomina
590 1753 696 1827 latino
711 1752 747 1826 in
766 1750 952 1850 opusculo,
971 1762 1092 1825 contra
1111 1773 1266 1842 morem,
1284 1751 1393 1824 inter-

324 1877 464 1976 jiciam,
487 1889 546 1952 aut
563 1878 666 1976 longo
682 1877 868 1952 verborum
883 1875 1031 1951 circuitu
1046 1874 1263 1949 subridicule
1277 1875 1394 1949 decla-

327 2023 420 2089 rem,
449 2001 535 2075 mihi
567 2002 654 2076 duos
682 2011 818 2076 tantum
849 2000 1104 2076 illustrissimos
1135 1997 1331 2075 Germaniae
1360 2009 1395 2072 et

327 2118 519 2193 Britanniae
542 2130 659 2217 poetas
686 2121 839 2217 prolerre
862 2119 984 2209 liceat,
1009 2140 1161 2216 quorum
1186 2139 1300 2192 unum
1324 2116 1395 2190 exi-

327 2242 396 2316 mia
412 2241 528 2317 sabula
546 2266 624 2340 quae
634 2243 781 2346 Faustus
798 2242 1014 2332 inscribitur,
1034 2240 1182 2315 alterurn
1198 2262 1303 2338 opera
1320 2238 1395 2336 ple·
1500 2313 1501 2340 ,

323 2365 724 2460 raque,dePr0videntia
737 2365 936 2441 dubitantes
950 2360 1394 2460 significant,etgallorum
1500 2443 1501 2452 χ

322 2495 507 2584 poetarum
533 2498 660 2561 nostrae
683 2487 793 2560 aetatis
819 2485 1035 2584 principem,
1062 2484 1123 2582 qui
1150 2505 1247 2558 nunc
1272 2483 1395 2558 eadem

323 2604 366 2678 de
384 2628 421 2679 re
438 2604 639 2679 luculenter
657 2604 808 2679 similem
827 2604 994 2702 expressit
1009 2602 1283 2691 dubitationem,
1299 2624 1396 2676 nunc
1500 2611 1501 2682 l

324 2726 367 2801 ad
385 2725 490 2801 aliam
508 2726 659 2823 fideique
684 2726 958 2801 christianorum
981 2725 1183 2825 propiorem
1206 2746 1395 2799 conversus

324 2848 616 2924 estsententiam.
1500 2829 1501 2870 ⁴

376 2970 547 3068 Egregius
560 2969 709 3068 hujusce
721 2969 782 3044 aevi
797 2969 1044 3069 philosophus,
1058 2978 1172 3043 morte
1184 2989 1297 3066 nuper
1310 2988 1396 3065 prae·

327 3105 464 3191 reptus‚
493 3093 610 3168 dicere
634 3092 807 3183 solebat¹,
829 3115 899 3167 non
925 3092 1029 3167 modo
1049 3114 1128 3189 quae
1146 3092 1189 3166 ad
1211 3091 1395 3166 hominum

328 3207 460 3293 sortem
497 3241 558 3293 seu
588 3227 818 3316 praesentem,
852 3240 913 3293 seu
945 3217 1099 3294 suturam
1131 3216 1327 3315 pertinent,
1357 3237 1395 3289 ea

330 3340 428 3439 poesi
449 3362 518 3414 non
538 3362 750 3438 repugnare,
769 3340 828 3414 sed
847 3340 939 3414 hanc
954 3338 1065 3413 solam
1080 3359 1159 3414 vere
1177 3337 1310 3437 poesim
1324 3358 1397 3410 esse

331 3461 606 3552 nominandam,
619 3484 697 3558 quae
707 3461 786 3535 talia
801 3472 974 3552 tractaret,
987 3462 1135 3559 ideoque
1148 3459 1396 3558 philosophum

332 3594 370 3659 et
388 3594 545 3684 poetam,
568 3585 743 3659 diversum
760 3585 946 3682 aliquando
968 3608 1030 3684 per
1046 3586 1123 3677 iter,
1140 3586 1262 3661 eodem
1281 3595 1395 3658 tamen

332 3708 498 3797 tendere,
514 3731 555 3782 ac
570 3707 745 3783 socialiter
762 3719 923 3782 mutuam
939 3708 1005 3783 sibi
1023 3732 1147 3784 navare
1161 3731 1314 3807 operam.
1335 3707 1397 3782 Cui

335 3831 406 3905 hac
436 3828 542 3905 dere
569 3829 717 3905 libenter
743 3831 961 3906 assenserim.
979 3831 1065 3917 ,Quo
1092 3833 1186 3906 enirn
1213 3831 1395 3905 hominnm

334 3973 450 4047 genus
469 3949 504 4024 in
523 3950 650 4025 melius
670 3961 841 4042 mutatur,
859 3962 893 4025 et
909 3949 1141 4050 incorporalia
1161 3949 1398 4050 corporalibus

367 4236 375 4272 ¹
395 4235 528 4308 Joumoy,
542 4234 687 4307 Me'tunpes
696 4233 804 4307 praetor.
817 4263 849 4274 —
864 4238 906 4290 De
918 4233 951 4291 tu
964 4234 1088 4292 destinae
1098 4235 1244 4292 trumuine.
