3042 5086
803 469 851 543 66

292 610 424 688 stoicus
441 623 559 688 noster
575 612 700 703 heroo,
715 623 844 688 aeterua
871 613 1003 689 defixus
1031 613 1275 706 meditatione,
1299 639 1358 690 su-

291 731 453 812 blimiore
470 734 524 812 sui
542 745 656 834 parte,
673 745 791 812 mente
807 735 983 826 videlicet,
1002 746 1105 812 utens
1120 748 1155 812 et
1171 759 1250 813 vere
1267 737 1357 812 divi-

290 881 378 936 num
406 882 512 958 agens
540 882 670 951 aevum,
697 859 907 956 Virgilianos
936 861 1021 936 istos
1046 861 1171 936 heroas
1197 873 1358 960 superat,

289 977 350 1077 qui
373 978 461 1053 nihil
482 978 609 1054 melius
633 990 667 1054 et
693 980 872 1077 antiquius
896 980 1032 1056 ducunt
1057 1004 1163 1079 quam
1188 981 1224 1054 in
1251 1004 1357 1056 arena

289 1100 471 1178 colluctari
488 1113 523 1178 et
537 1125 682 1202 corpora
701 1103 886 1202 palaestris,
909 1102 1047 1179 nullum
1066 1104 1102 1177 in
1119 1126 1242 1194 usum,
1258 1127 1356 1179 exer-

288 1226 384 1303 cere!
413 1225 513 1313 Quod
536 1227 564 1302 si
582 1227 772 1328 Pompeius
791 1238 959 1304 truncum
984 1251 1056 1303 non
1074 1238 1176 1304 curat
1198 1227 1235 1302 in
1258 1227 1357 1302 litore

282 1349 462 1448 jacentem
491 1359 526 1424 et
555 1350 708 1426 ludibrio
734 1351 917 1442 habitum,
949 1351 1017 1426 hoc
1047 1373 1187 1450 quoque
1217 1361 1356 1449 poetam

287 1475 403 1573 arguit
426 1475 682 1551 existimantem
703 1498 831 1576 corpus
855 1476 949 1574 parvi
972 1477 1143 1551 momenti
1161 1499 1236 1551 esse
1261 1487 1296 1551 et
1319 1477 1357 1550 in

286 1607 405 1672 mente
430 1596 503 1672 sola
530 1606 642 1671 totum
661 1597 731 1671 lere
759 1596 950 1672 consistere
972 1597 1164 1671 hominem.
1197 1597 1264 1671 Hic
1282 1619 1357 1671 rec-

286 1718 356 1794 tius
384 1719 539 1818 prolecto
565 1729 600 1794 et
622 1720 742 1794 sanius
768 1743 875 1817 quam
903 1719 985 1819 qui,
1011 1720 1173 1796 sensibus
1195 1719 1357 1812 obnoxii,

285 1852 421 1918 tantam
448 1842 585 1941 corpori
610 1842 821 1941 impendunt
850 1865 1014 1940 operam,
1038 1853 1089 1960 ub
1102 1865 1140 1917 se
1165 1842 1255 1917 nihil
1281 1864 1357 1917 esse

287 1965 355 2040 nisi
374 1987 522 2065 corpora
539 1971 663 2063 putare
685 1963 878 2040 videantur.
905 1965 1065 2041 Socrates
1083 1965 1235 2056 Critoni,
1253 1965 1297 2040 ab
1315 1987 1356 2040 eo

286 2087 457 2187 quaerenti
476 2087 653 2186 quomodo
675 2087 814 2187 sepeliri
841 2087 960 2179 vellet,
984 2087 1206 2188 respondisse
1230 2089 1357 2179 fertur,

287 2233 325 2288 se
340 2234 406 2288 nec
424 2211 581 2311 sepeliri,
599 2235 665 2288 nec
680 2210 808 2314 corripi
824 2209 929 2285 etiam
947 2233 1068 2308 posse,
1086 2210 1147 2285 sed
1165 2219 1244 2307 post
1261 2231 1358 2285 mor·

286 2346 359 2412 tem
381 2335 536 2433 corporis
555 2359 576 2416 e,
593 2334 743 2411 vinculis
768 2355 844 2409 esse
860 2334 1091 2409 evolaturum.
1119 2333 1226 2424 Item,
1244 2333 1357 2408 sancti

285 2455 473 2554 Augustini
495 2467 607 2531 mater
624 2456 794 2546 moriens,
813 2455 1052 2553 quaerentibus
1076 2454 1221 2529 nullone
1238 2454 1356 2527 allice·

286 2584 384 2650 retur
396 2574 583 2666 desideria,
598 2574 692 2672 quod
706 2597 834 2672 corpus
848 2596 955 2648 suum
969 2585 1108 2649 externa
1120 2581 1154 2647 et
1165 2570 1358 2669 longinqua

286 2698 501 2798 relinqueret
523 2697 559 2772 in
584 2707 695 2789 terra,
722 2705 851 2772 terram
876 2696 1011 2772 nullam
1039 2697 1088 2771 ait
1111 2695 1215 2794 longe
1241 2719 1260 2770 a
1285 2695 1356 2770 Deo

287 2821 418 2897 abesse.
438 2820 496 2896 Sic
513 2831 624 2920 poetae
647 2818 764 2908 stoici,
782 2817 940 2893 versibus
958 2842 1046 2917 quos
1071 2818 1274 2909 retulimus,
1292 2840 1358 2893 no-

287 2940 430 3017 biliores
447 2962 571 3016 sensus
586 2937 840 3038 quampriores
855 2948 965 3036 poetae
978 2948 1239 3036 expresserunt,
1254 2949 1358 3036 atque

226 3123 228 3128 .
288 3086 327 3138 ea
346 3063 383 3137 in
401 3062 558 3139 medium
577 3060 801 3161 protulerunt
817 3061 946 3159 quibus
972 3073 1056 3137 tunc
1073 3059 1234 3158 egregius
1259 3061 1357 3159 quis-

288 3206 357 3281 que
383 3184 523 3259 animus
550 3183 726 3284 praecipue
755 3181 1051 3257 commovebatur.
1084 3182 1163 3254 lam
1191 3180 1357 3256 obsoletis

288 3309 489 3408 priscorum
507 3309 724 3386 carminibus
744 3307 951 3406 repudiatis,
970 3329 1056 3382 nova
1082 3316 1116 3380 et
1141 3307 1253 3404 magis
1279 3318 1356 3404 apta

289 3432 334 3505 ad
355 3440 493 3531 tempus
520 3455 589 3531 quo
611 3432 771 3508 vivebant
791 3430 947 3506 carmina
975 3429 1072 3506 omni
1098 3452 1183 3530 ope,
1212 3453 1278 3506 nec
1303 3430 1356 3504 in·

290 3553 454 3644 feliciter,
472 3555 543 3628 nixi
561 3557 645 3628 su'nt
662 3555 823 3630 condere.
896 3615 902 3629 .

337 3676 441 3752 Juxta
465 3678 610 3768 stoicos,
633 3700 704 3753 non
729 3677 844 3753 solum
867 3698 952 3751 suus
970 3685 1022 3750 est
1040 3676 1168 3773 cuique
1185 3675 1357 3752 terminus

290 3803 449 3904 ecfinis,
467 3801 651 3878 sedetiam
669 3811 763 3876 totus
785 3803 844 3877 hic
866 3801 1021 3876 mundus
1043 3800 1127 3876 olim
1146 3800 1309 3896 flagrabit
1323 3811 1358 3875 et

292 3932 433 3998 corruet
456 3933 624 4019 vetusque
648 3930 839 3995 revertetur
864 3920 907 3994 ad
935 3918 1057 3994 Chaos.
1087 3917 1255 3993 Universa
1282 3919 1358 3993 haec

292 4041 538 4137 conflagratio,
560 4061 668 4138 quam
685 4037 797 4115 Graeci
815 4039 930 4114 dixere
946 4037 1163 4144 ἐκπύρωσιν,
1181 4037 1211 4110 si
1230 4059 1356 4134 parurn

293 4159 477 4256 diligenter
493 4185 568 4237 rem
584 4161 872 4250 consideraveris,
891 4157 1007 4234 abillo
1023 4181 1188 4257 supremo
1203 4160 1356 4257 judicio,
