3002 5084
789 454 862 529 tlt

401 606 488 671 Quam
502 601 553 660 sub
570 601 711 673 perpetuis
725 603 873 678 tenuerunt
886 599 941 656 iata
956 593 1092 671 tyrannis!

398 696 438 752 Er
450 694 575 765 populis,
590 694 636 765 qui
651 707 733 764 regna
747 692 852 764 lerunt,
867 705 930 749 sors
942 692 1037 750 ultima
1051 697 1145 750 nostra
1159 700 1215 764 est,

400 789 475 857 Quos
489 788 591 845 sarrire
604 787 689 860 pudet
702 788 717 842 ¹.

340 937 467 1012 Stoicis
485 934 644 1036 placebat
660 936 821 1012 homiues
849 935 1035 1009 hominum
1063 958 1168 1032 causa
1195 958 1271 1010 esse
1295 960 1361 1011 na-

294 1072 365 1147 tos,
383 1068 417 1133 et
431 1059 516 1133 alios
535 1057 611 1131 aliis
626 1057 780 1154 praebere
797 1078 939 1154 operam
953 1056 1079 1130 debere
1088 1083 1097 1145 ;
1112 1057 1264 1152 aliquem
1279 1081 1360 1133 vero

292 1182 399 1257 alicui
416 1203 543 1256 nocere
561 1193 621 1255 aut
638 1181 668 1254 ei
687 1179 869 1254 detrahere
886 1177 1019 1275 aliquid
1031 1217 1046 1266 ,1
1059 1179 1170 1274 magis
1189 1202 1263 1254 esse
1279 1204 1361 1255 con·

292 1311 344 1374 tra
363 1311 525 1374 naturam
551 1300 712 1375 volebant
737 1322 843 1397 quam
869 1299 1079 1396 quidquam,
1098 1299 1150 1373 vel
1174 1301 1358 1374 acerbissi-

293 1444 410 1512 mum,
437 1422 666 1519 semetipsum
697 1421 778 1520 pati.
812 1420 1066 1494 Existimabam
1095 1420 1189 1495 enim
1223 1422 1356 1495 civilem

294 1544 483 1639 quamdam
503 1544 666 1618 mortales
682 1543 819 1618 efficere
837 1542 928 1615 inter
945 1564 981 1616 se
997 1541 1217 1630 societatem,
1236 1543 1273 1615 in
1292 1566 1361 1641 qua

293 1665 351 1737 alii
378 1664 472 1754 aliis,
502 1677 540 1739 ut
567 1666 689 1739 fratres
716 1664 903 1754 iratrihuS,
929 1664 1094 1762 prodesse
1126 1664 1222 1738 omni
1254 1664 1363 1737 modo

278 1791 521 1879 ¹conarentur,
539 1812 646 1886 quam
665 1789 725 1885 qui
744 1789 941 1875 dirimeret,
960 1787 989 1860 is
1009 1809 1078 1862 non
1097 1787 1212 1862 solum
1230 1787 1364 1861 sceles-

294 1920 366 1999 tus,
381 1911 442 1984 sed
460 1911 565 1984 etiam
581 1910 711 2009 impius
725 1921 815 1984 esset
829 1908 1025 1984 habendus.
1039 1908 1124 1983 lnde
1140 1909 1365 1983 admirabilia

292 2030 352 2106 illa
369 2045 539 2131 praecepta
559 2033 602 2107 de
620 2055 739 2107 amore
754 2053 823 2130 quo
836 2033 942 2106 homo
956 2031 1090 2105 homini
1110 2032 1281 2106 amandus
1300 2031 1366 2122 sit,

294 2153 423 2250 quibus
442 2155 642 2252 philosophi
661 2153 839 2229 novissimi
854 2152 973 2228 saeculi
990 2153 1078 2226 nihil
1097 2153 1285 2227 sublimius
1303 2176 1363 2227 ex-

295 2276 447 2372 cogitare
463 2287 664 2374 potuerunt.
684 2276 778 2363 Quos
796 2275 938 2351 eosdem
956 2298 1080 2350 sensus
1100 2257 1265 2350 Lucanus
1290 2299 1362 2350 non

296 2399 406 2472 semel
425 2399 566 2474 tentavit
581 2399 754 2489 versibus,
769 2399 882 2496 iisque
900 2399 1063 2495 egregiis,
1082 2399 1294 2497 exprimere:

403 2575 482 2634 Nunc
497 2577 577 2644 ades,
590 2580 694 2633 aeterno
710 2575 897 2646 complectens
911 2576 1002 2632 omnia
1016 2589 1101 2646 nexu,

369 2665 375 2682 ⁴
402 2673 425 2728 0
440 2685 544 2741 rerum,
556 2673 687 2743 mixtique
701 2674 791 2744 salus,
806 2673 971 2744 eoncordia,
984 2673 1092 2742 muudi,

403 2767 436 2823 Et
448 2782 532 2822 sacer
545 2766 622 2822 ordis
635 2784 720 2823 amor
732 2767 759 2823 ’l

348 2909 442 2984 Alias
461 2909 627 2985 Catonem
645 2910 782 2985 inducit
794 2911 939 2984 vividius
958 2910 1152 2984 dicentem:

404 3086 458 3137 Hie
471 3083 600 3138 redimat
611 3086 733 3153 sanguia
746 3081 881 3160 populos;
894 3082 945 3140 hac
958 3081 1034 3139 caede
1048 3083 1138 3138 luatur

405 3181 543 3252 Quidquid
559 3181 664 3238 romani
678 3184 838 3238 meruerunt
850 3180 969 3249 pendere
982 3192 1073 3236 mores
1083 3177 1100 3232 ³.

349 3319 447 3411 Mox,
466 3332 545 3418 post
560 3321 679 3408 istam,
698 3341 802 3416 quarn
821 3317 1011 3415 saepissime
1028 3315 1235 3402 detestatur,
1253 3313 1365 3387 Phar-

302 3443 445 3516 salicam
465 3443 613 3530 caedem,
632 3442 758 3541 impios
776 3439 920 3514 Caesaris
938 3438 1066 3512 milites
1084 3437 1119 3510 in
1139 3437 1285 3510 fratrum
1305 3446 1366 3508 aut

301 3578 488 3664 parentum
507 3567 704 3641 occisorum
720 3565 803 3641 toris
821 3573 963 3654 stratos,
982 3571 1133 3659 agrestes
1154 3561 1314 3634 homines
1332 3570 1366 3632 et

303 3689 452 3766 rusticos
469 3689 649 3788 splendida
675 3689 876 3787 principum
894 3686 1039 3763 civitatis
1064 3683 1192 3760 cubilia
1210 3681 1364 3782 corpori·

340 3994 346 4021 ¹
363 3992 478 4060 Phara,
493 3993 510 4048 l.
525 3994 586 4062 vll,
599 4007 624 4050 v.
639 3995 699 4050 tat.

339 4086 348 4116 ²
363 4087 477 4159 Phora,
490 4088 509 4144 l.
522 4089 566 4159 iv,
579 4103 606 4144 v.
617 4091 678 4144 489.

336 4183 471 4256 'Pham
483 4185 502 4241 l.
517 4184 556 4255 ΙΙ,
569 4199 594 4240 r.
609 4189 671 4243 eta.
