3002 5084
628 501 699 576 lta

114 643 223 740 pidus
240 645 278 718 in
295 649 426 721 inatris
436 649 610 744 gremium
625 672 662 724 se
676 649 813 746 recipit:
831 649 1031 736 «Miserere,
1044 660 1193 736 maten»

114 766 210 861 quod
241 790 261 841 a
284 769 403 843 stoico
429 770 631 866 longissime
656 770 831 854 abhorret.
859 770 942 846 llaec
966 781 1100 860 autem,
1125 793 1196 843 non

113 889 223 962 modo
252 891 412 964 stoicam
434 891 531 966 illam
556 915 626 966 non
649 903 760 966 servat
779 893 885 966 animi
909 892 1198 990 aequabilitatem,

112 1023 146 1084 et
164 1035 242 1086 non
265 1015 416 1089 cohibet
433 1038 555 1091 omnes
571 1015 721 1113 pectoris
736 1028 869 1108 motus;
884 1017 944 1090 sed
962 1017 1053 1090 irato
1070 1016 1200 1113 impeta

112 1133 253 1209 dicitur
270 1137 462 1227 cecidisse,
476 1138 570 1235 quod
583 1139 791 1227 stoicorum,
808 1139 929 1229 credo,
942 1139 1088 1212 minime
1101 1139 1200 1212 decet

112 1251 364 1352 discipulam;
384 1278 466 1331 nam
485 1257 606 1345 stoici,
625 1257 740 1353 inquit
756 1257 909 1348 Tullius,
930 1257 1081 1345 somnio
1096 1257 1199 1331 irasci

113 1375 302 1450 nesciunt.
318 1402 336 1448 n

161 1495 329 1589 Deinde,
344 1522 425 1573 eum
440 1500 610 1598 Astyanax
624 1512 657 1576 et
667 1502 839 1599 Polyxena
854 1525 998 1600 parvum
1009 1504 1200 1578 admodum

113 1617 149 1691 in
169 1623 302 1698 sabula
323 1624 503 1698 obtineant
520 1625 659 1715 locum,
679 1636 713 1701 et
728 1626 799 1701 lere
817 1637 924 1700 mutae
945 1628 1014 1702 sint
1031 1651 1200 1726 personae,

115 1739 175 1832 qui
192 1751 260 1815 aut
281 1742 405 1838 quales
423 1744 553 1818 luerint
571 1766 641 1818 non
662 1745 815 1820 multum
841 1756 934 1820 certe
953 1748 1075 1837 relert;
1099 1734 1199 1837 narn,

116 1862 260 1939 etiamsi
292 1888 417 1942 eorum
443 1880 578 1943 mentes
607 1875 744 1967 penitus
772 1883 889 1946 essent
910 1873 1101 1962 stoicorum
1126 1872 1200 1969 pla-

118 1983 196 2060 citis
217 1989 388 2080 imbutae,
407 1990 495 2063 nihil
511 1991 592 2064 inde
611 1993 653 2066 de
671 1992 811 2066 Senecae
826 1991 998 2089 personis,
1010 1991 1045 2063 in
1064 1993 1200 2066 univer-

119 2124 197 2178 sum
217 2110 467 2200 consideratis
478 2111 558 2209 jure
577 2109 807 2206 colligeretur.

166 2231 356 2328 Denique,
381 2233 410 2305 si
429 2234 544 2307 forsan
564 2243 624 2307 aut
641 2234 823 2322 homines,
842 2245 902 2307 aut
926 2236 1063 2308 feminae
1080 2235 1114 2308 in
1138 2235 1199 2310 Se·

121 2356 1200 2456 necaetragnediisreperirentur,qnibushumanamaj0resset

119 2472 258 2566 virtus,
280 2477 347 2551 hcc
365 2477 453 2550 mihi
475 2499 544 2551 non
571 2490 640 2550 tam
661 2477 852 2552 stoicorum
879 2478 1074 2575 disciplinae
1091 2501 1198 2574 quam

122 2597 285 2671 auctoris
303 2597 463 2694 ingenio,
482 2621 620 2696 semper
632 2598 819 2694 grandiora
838 2599 1009 2696 captanti,
1023 2598 1199 2673 videretur

124 2732 201 2789 esse
221 2715 513 2814 adjudicandum.
533 2717 622 2791 Cum
638 2718 733 2791 enim
749 2718 909 2792 homines
924 2717 1036 2792 verbis
1051 2718 1200 2814 amplifi-

125 2855 207 2910 care
227 2835 355 2926 soleat,
374 2837 505 2912 mirum
520 2850 613 2911 certe
628 2838 731 2927 soret,
746 2838 776 2913 si
791 2860 930 2935 semper
945 2838 1037 2927 vitia,
1054 2838 1198 2912 virtutes

127 2979 336 3058 nunquam,
352 2961 387 3034 in
406 2962 520 3059 majus
536 2961 685 3036 dicendo
703 2961 891 3036 extulisset.

177 3087 262 3162 Non
279 3086 456 3177 moribus,
475 3087 535 3161 sed
560 3086 661 3161 dictis
680 3085 852 3182 pleraeque
868 3099 977 3183 poetae
993 3086 1103 3158 nostri
1120 3109 1198 3182 per-

126 3225 228 3280 sonae
246 3206 373 3281 stoicas
392 3229 428 3280 se
447 3207 612 3305 praebent.
634 3206 717 3291 Quae
736 3216 851 3279 antem
867 3205 976 3293 dicta,
995 3226 1196 3300 quanquam

131 3351 295 3424 personae
330 3333 457 3429 cuique
491 3332 636 3406 minime
669 3331 925 3418 convenientia,
961 3330 1105 3428 pulchra
1134 3329 1197 3402 ali-

130 3451 278 3544 qnando
297 3462 405 3525 sunt:
424 3454 553 3551 qnippe
577 3475 654 3548 qnae
680 3474 776 3525 veros
795 3464 828 3524 et
847 3451 1002 3524 sinceros
1021 3447 1199 3547 scriptoris

133 3573 335 3670 exprimant
351 3549 490 3662 sensns,
509 3585 544 3646 et
564 3573 641 3646 ideo
658 3572 762 3669 paulo
781 3571 898 3645 minus
914 3571 1107 3644 affectatam
1129 3592 1199 3666 praa

134 3716 171 3768 se
192 3695 304 3768 serant
318 3696 586 3794 jucunditatem.
611 3697 668 3770 Sic
686 3696 829 3772 Voltarii
856 3696 964 3770 nostri
993 3695 1080 3770 nulli
1098 3695 1199 3768 lucu·

136 3812 303 3889 lentiores
322 3817 483 3891 seruntur
500 3841 638 3908 versus,
666 3839 772 3913 quam
798 3839 885 3913 quos
905 3817 947 3890 de
969 3812 1199 3889 Neutonianis

133 3937 287 4014 inventis
300 3949 334 4014 et
348 3963 436 4038 quos
451 3940 493 4015 da
507 3941 604 4014 omni
618 3940 773 4015 numinis
790 3941 886 4014 cultu
901 3938 1080 4012 tolerando
1094 3937 1201 4035 scrip·

120 4061 200 4151 ·sit,
221 4060 301 4158 quia
329 4074 404 4136 tum
423 4063 498 4136 sine
517 4063 595 4136 luco
621 4071 655 4134 et
673 4059 815 4134 lallaciis
833 4082 911 4155 quae
936 4081 1053 4133 revera
1073 4059 1201 4132 sentie-

136 4185 197 4260 bat
216 4185 333 4260 edidit.

225 4340 254 4393 s.
1011 4277 1050 4364 ⁹¹
