<?xml version="1.0" encoding="UTF-8"?>
<!DOCTYPE html PUBLIC "-//W3C//DTD XHTML 1.0 Transitional//EN"
    "http://www.w3.org/TR/xhtml1/DTD/xhtml1-transitional.dtd">
<html xmlns="http://www.w3.org/1999/xhtml" xml:lang="en" lang="en">
 <head>
  <title>
</title>
<meta http-equiv="Content-Type" content="text/html;charset=utf-8" />
  <meta name='ocr-system' content='tesseract 3.04.00' />
  <meta name='ocr-capabilities' content='ocr_page ocr_carea ocr_par ocr_line ocrx_word'/>
</head>
<body>
  <div class='ocr_page' id='page_1' title='image "./destoicadiscipl01ferrgoog_0091.png"; bbox 0 0 3002 5084; ppageno 0'>
   <div class='ocr_carea' id='block_1_1' title="bbox 809 502 855 576">
    <p class='ocr_par' dir='ltr' id='par_1_1' title="bbox 809 502 855 576">
     <span class='ocr_line' id='line_1_1' title="bbox 809 502 855 576; baseline -0.022 0"><span class='ocrx_word' id='word_1_1' title='bbox 809 502 855 576; x_wconf 89' lang='lat'><strong>78</strong></span> 
     </span>
    </p>
   </div>
   <div class='ocr_carea' id='block_1_2' title="bbox 403 647 1175 914">
    <p class='ocr_par' dir='ltr' id='par_1_2' title="bbox 403 647 1175 914">
     <span class='ocr_line' id='line_1_2' title="bbox 403 647 1151 720; baseline 0.003 -17"><span class='ocrx_word' id='word_1_2' title='bbox 403 648 461 704; x_wconf 89' lang='lat' dir='ltr'><strong>lloc</strong></span> <span class='ocrx_word' id='word_1_3' title='bbox 474 647 570 720; x_wconf 72' lang='lat' dir='ltr'><strong>igitur,</strong></span> <span class='ocrx_word' id='word_1_4' title='bbox 584 662 639 720; x_wconf 95' lang='lat' dir='ltr'><strong>quo</strong></span> <span class='ocrx_word' id='word_1_5' title='bbox 654 655 683 707; x_wconf 91' lang='lat' dir='ltr'><strong>tu</strong></span> <span class='ocrx_word' id='word_1_6' title='bbox 697 649 773 708; x_wconf 86' lang='lat' dir='ltr'><strong>Jorie</strong></span> <span class='ocrx_word' id='word_1_7' title='bbox 784 663 878 708; x_wconf 90' lang='lat' dir='ltr'><strong>aurem</strong></span> <span class='ocrx_word' id='word_1_8' title='bbox 894 649 1035 720; x_wconf 77' lang='lat' dir='ltr'><strong>impellere</strong></span> <span class='ocrx_word' id='word_1_9' title='bbox 1046 652 1151 719; x_wconf 80' lang='lat' dir='ltr'><strong>tenus,</strong></span> 
     </span>
     <span class='ocr_line' id='line_1_3' title="bbox 403 743 1175 818; baseline 0.001 -18"><span class='ocrx_word' id='word_1_10' title='bbox 403 743 453 800; x_wconf 79' lang='lat' dir='ltr'><strong>llic</strong></span> <span class='ocrx_word' id='word_1_11' title='bbox 465 743 592 815; x_wconf 77' lang='lat' dir='ltr'><strong>agedium</strong></span> <span class='ocrx_word' id='word_1_12' title='bbox 606 747 695 804; x_wconf 89' lang='lat' dir='ltr'><strong>Staio:</strong></span> <span class='ocrx_word' id='word_1_13' title='bbox 710 746 781 804; x_wconf 87' lang='lat' dir='ltr'><strong>Proh</strong></span> <span class='ocrx_word' id='word_1_14' title='bbox 796 745 915 816; x_wconf 75' lang='lat' dir='ltr'><strong>Jupiter!</strong></span> <span class='ocrx_word' id='word_1_15' title='bbox 929 757 946 801; x_wconf 94' lang='lat' dir='ltr'><strong>o</strong></span> <span class='ocrx_word' id='word_1_16' title='bbox 959 745 1047 818; x_wconf 88' lang='lat' dir='ltr'><strong>bone,</strong></span> <span class='ocrx_word' id='word_1_17' title='bbox 1060 745 1175 816; x_wconf 84' lang='lat' dir='ltr'><strong>clamet,</strong></span> 
     </span>
     <span class='ocr_line' id='line_1_4' title="bbox 404 837 1054 914; baseline 0.002 -19"><span class='ocrx_word' id='word_1_18' title='bbox 404 837 525 909; x_wconf 80' lang='lat' dir='ltr'><strong>Jupiter!</strong></span> <span class='ocrx_word' id='word_1_19' title='bbox 539 844 569 896; x_wconf 89' lang='lat' dir='ltr'><strong>at</strong></span> <span class='ocrx_word' id='word_1_20' title='bbox 581 854 644 899; x_wconf 85' lang='lat' dir='ltr'><strong>sese</strong></span> <span class='ocrx_word' id='word_1_21' title='bbox 657 854 712 898; x_wconf 94' lang='lat' dir='ltr'><strong>non</strong></span> <span class='ocrx_word' id='word_1_22' title='bbox 726 841 827 899; x_wconf 89' lang='lat' dir='ltr'><strong>clamet</strong></span> <span class='ocrx_word' id='word_1_23' title='bbox 840 843 948 914; x_wconf 81' lang='lat' dir='ltr'><strong>Jupiter</strong></span> <span class='ocrx_word' id='word_1_24' title='bbox 959 841 1019 912; x_wconf 88' lang='lat' dir='ltr'><strong>ipsa</strong></span> <span class='ocrx_word' id='word_1_25' title='bbox 1032 837 1054 895; x_wconf 92' lang='lat' dir='ltr'><strong>¹l</strong></span> 
     </span>
    </p>
   </div>
   <div class='ocr_carea' id='block_1_3' title="bbox 300 1004 1364 1227">
    <p class='ocr_par' dir='ltr' id='par_1_3' title="bbox 300 1004 1364 1227">
     <span class='ocr_line' id='line_1_5' title="bbox 346 1004 1364 1108; baseline -0.005 -25"><span class='ocrx_word' id='word_1_26' title='bbox 346 1007 383 1083; x_wconf 91' lang='lat' dir='ltr'><strong>Si</strong></span> <span class='ocrx_word' id='word_1_27' title='bbox 402 1019 435 1084; x_wconf 93' lang='lat' dir='ltr'><strong>te</strong></span> <span class='ocrx_word' id='word_1_28' title='bbox 448 1017 481 1083; x_wconf 89' lang='lat' dir='ltr'><strong>el</strong></span> <span class='ocrx_word' id='word_1_29' title='bbox 499 1018 600 1084; x_wconf 90' lang='lat' dir='ltr'><strong>tuum</strong></span> <span class='ocrx_word' id='word_1_30' title='bbox 615 1009 825 1085; x_wconf 89' lang='lat' dir='ltr'><strong>sceleratum</strong></span> <span class='ocrx_word' id='word_1_31' title='bbox 849 1019 955 1108; x_wconf 90' lang='lat' dir='ltr'><strong>caput</strong></span> <span class='ocrx_word' id='word_1_32' title='bbox 971 1030 1043 1085; x_wconf 93' lang='lat' dir='ltr'><strong>non</strong></span> <span class='ocrx_word' id='word_1_33' title='bbox 1056 1005 1271 1107; x_wconf 88' lang='lat' dir='ltr'><strong>jamdudum</strong></span> <span class='ocrx_word' id='word_1_34' title='bbox 1294 1004 1364 1080; x_wconf 89' lang='lat' dir='ltr'><strong>lul·</strong></span> 
     </span>
     <span class='ocr_line' id='line_1_6' title="bbox 300 1127 706 1227; baseline 0 -25"><span class='ocrx_word' id='word_1_35' title='bbox 300 1127 395 1203; x_wconf 90' lang='lat' dir='ltr'><strong>mine</strong></span> <span class='ocrx_word' id='word_1_36' title='bbox 413 1129 600 1227; x_wconf 87' lang='lat' dir='ltr'><strong>percussit,</strong></span> <span class='ocrx_word' id='word_1_37' title='bbox 619 1151 706 1207; x_wconf 91' lang='lat' dir='ltr'><strong>num</strong></span> 
     </span>
    </p>
   </div>
   <div class='ocr_carea' id='block_1_4' title="bbox 404 1327 1182 1589">
    <p class='ocr_par' dir='ltr' id='par_1_4' title="bbox 404 1327 1182 1589">
     <span class='ocr_line' id='line_1_7' title="bbox 404 1327 1080 1401; baseline -0.001 -16"><span class='ocrx_word' id='word_1_38' title='bbox 404 1327 512 1387; x_wconf 91' lang='lat' dir='ltr'><strong>ldcirco</strong></span> <span class='ocrx_word' id='word_1_39' title='bbox 525 1328 653 1386; x_wconf 91' lang='lat' dir='ltr'><strong>stolidam</strong></span> <span class='ocrx_word' id='word_1_40' title='bbox 666 1327 772 1401; x_wconf 86' lang='lat' dir='ltr'><strong>praebet</strong></span> <span class='ocrx_word' id='word_1_41' title='bbox 786 1328 835 1387; x_wconf 91' lang='lat' dir='ltr'><strong>tibi</strong></span> <span class='ocrx_word' id='word_1_42' title='bbox 851 1328 952 1386; x_wconf 88' lang='lat' dir='ltr'><strong>vellere</strong></span> <span class='ocrx_word' id='word_1_43' title='bbox 968 1328 1080 1387; x_wconf 92' lang='lat' dir='ltr'><strong>barbam</strong></span> 
     </span>
     <span class='ocr_line' id='line_1_8' title="bbox 404 1421 1182 1496; baseline -0.001 -15"><span class='ocrx_word' id='word_1_44' title='bbox 404 1424 523 1493; x_wconf 87' lang='lat' dir='ltr'><strong>Jupiter!</strong></span> <span class='ocrx_word' id='word_1_45' title='bbox 540 1429 588 1482; x_wconf 93' lang='lat' dir='ltr'><strong>aut</strong></span> <span class='ocrx_word' id='word_1_46' title='bbox 600 1425 730 1496; x_wconf 83' lang='lat' dir='ltr'><strong>quidnam</strong></span> <span class='ocrx_word' id='word_1_47' title='bbox 744 1429 800 1495; x_wconf 85' lang='lat' dir='ltr'><strong>est,</strong></span> <span class='ocrx_word' id='word_1_48' title='bbox 818 1438 873 1495; x_wconf 93' lang='lat' dir='ltr'><strong>qua</strong></span> <span class='ocrx_word' id='word_1_49' title='bbox 887 1428 917 1482; x_wconf 93' lang='lat' dir='ltr'><strong>tu</strong></span> <span class='ocrx_word' id='word_1_50' title='bbox 930 1423 1056 1481; x_wconf 84' lang='lat' dir='ltr'><strong>mercede</strong></span> <span class='ocrx_word' id='word_1_51' title='bbox 1069 1421 1182 1480; x_wconf 90' lang='lat' dir='ltr'><strong>deorum</strong></span> 
     </span>
     <span class='ocr_line' id='line_1_9' title="bbox 405 1514 1140 1589; baseline -0.001 -15"><span class='ocrx_word' id='word_1_52' title='bbox 405 1517 511 1574; x_wconf 80' lang='lat' dir='ltr'><strong>limeris</strong></span> <span class='ocrx_word' id='word_1_53' title='bbox 523 1517 681 1575; x_wconf 80' lang='lat' dir='ltr'><strong>auriculas?</strong></span> <span class='ocrx_word' id='word_1_54' title='bbox 693 1517 823 1589; x_wconf 89' lang='lat' dir='ltr'><strong>pulmone</strong></span> <span class='ocrx_word' id='word_1_55' title='bbox 835 1522 863 1575; x_wconf 91' lang='lat' dir='ltr'><strong>ct</strong></span> <span class='ocrx_word' id='word_1_56' title='bbox 875 1516 994 1574; x_wconf 90' lang='lat' dir='ltr'><strong>lactibus</strong></span> <span class='ocrx_word' id='word_1_57' title='bbox 1008 1516 1099 1574; x_wconf 85' lang='lat' dir='ltr'><strong>unctis</strong></span> <span class='ocrx_word' id='word_1_58' title='bbox 1109 1514 1140 1572; x_wconf 80' lang='lat'><strong>²?</strong></span> 
     </span>
    </p>
   </div>
   <div class='ocr_carea' id='block_1_5' title="bbox 287 1677 1376 3819">
    <p class='ocr_par' dir='ltr' id='par_1_5' title="bbox 300 1677 1376 2507">
     <span class='ocr_line' id='line_1_10' title="bbox 349 1677 1368 1781; baseline -0.002 -28"><span class='ocrx_word' id='word_1_59' title='bbox 349 1678 410 1756; x_wconf 92' lang='lat' dir='ltr'><strong>His</strong></span> <span class='ocrx_word' id='word_1_60' title='bbox 434 1679 591 1756; x_wconf 87' lang='lat' dir='ltr'><strong>versibus</strong></span> <span class='ocrx_word' id='word_1_61' title='bbox 622 1681 742 1758; x_wconf 83' lang='lat' dir='ltr'><strong>confer</strong></span> <span class='ocrx_word' id='word_1_62' title='bbox 770 1681 910 1758; x_wconf 81' lang='lat' dir='ltr'><strong>Senecae</strong></span> <span class='ocrx_word' id='word_1_63' title='bbox 936 1680 1102 1781; x_wconf 82' lang='lat' dir='ltr'><strong>praeclara</strong></span> <span class='ocrx_word' id='word_1_64' title='bbox 1133 1677 1255 1768; x_wconf 85' lang='lat' dir='ltr'><strong>verba,</strong></span> <span class='ocrx_word' id='word_1_65' title='bbox 1289 1699 1368 1775; x_wconf 89' lang='lat' dir='ltr'><strong>qnae</strong></span> 
     </span>
     <span class='ocr_line' id='line_1_11' title="bbox 300 1799 1367 1898; baseline -0.003 -24"><span class='ocrx_word' id='word_1_66' title='bbox 300 1800 461 1875; x_wconf 88' lang='lat' dir='ltr'><strong>eamdem</strong></span> <span class='ocrx_word' id='word_1_67' title='bbox 476 1801 628 1876; x_wconf 89' lang='lat' dir='ltr'><strong>severius</strong></span> <span class='ocrx_word' id='word_1_68' title='bbox 645 1802 831 1876; x_wconf 90' lang='lat' dir='ltr'><strong>enuntiant</strong></span> <span class='ocrx_word' id='word_1_69' title='bbox 846 1801 1072 1892; x_wconf 90' lang='lat' dir='ltr'><strong>sententiam,</strong></span> <span class='ocrx_word' id='word_1_70' title='bbox 1091 1811 1125 1876; x_wconf 89' lang='lat' dir='ltr'><strong>et</strong></span> <span class='ocrx_word' id='word_1_71' title='bbox 1142 1799 1271 1898; x_wconf 91' lang='lat' dir='ltr'><strong>quibus</strong></span> <span class='ocrx_word' id='word_1_72' title='bbox 1297 1821 1367 1873; x_wconf 94' lang='lat' dir='ltr'><strong>non</strong></span> 
     </span>
     <span class='ocr_line' id='line_1_12' title="bbox 300 1919 1368 2022; baseline 0.001 -29"><span class='ocrx_word' id='word_1_73' title='bbox 300 1919 399 1995; x_wconf 90' lang='lat' dir='ltr'><strong>uideo</strong></span> <span class='ocrx_word' id='word_1_74' title='bbox 422 1920 506 2018; x_wconf 92' lang='lat' dir='ltr'><strong>quid</strong></span> <span class='ocrx_word' id='word_1_75' title='bbox 531 1921 652 1996; x_wconf 89' lang='lat' dir='ltr'><strong>Patres</strong></span> <span class='ocrx_word' id='word_1_76' title='bbox 677 1921 860 2013; x_wconf 82' lang='lat' dir='ltr'><strong>Ecclesiae,</strong></span> <span class='ocrx_word' id='word_1_77' title='bbox 887 1923 929 1998; x_wconf 90' lang='lat' dir='ltr'><strong>ad</strong></span> <span class='ocrx_word' id='word_1_78' title='bbox 948 1945 1165 2022; x_wconf 85' lang='lat' dir='ltr'><strong>paganorum</strong></span> <span class='ocrx_word' id='word_1_79' title='bbox 1189 1920 1368 1997; x_wconf 88' lang='lat' dir='ltr'><strong>debellan-</strong></span> 
     </span>
     <span class='ocr_line' id='line_1_13' title="bbox 301 2041 1368 2143; baseline 0.001 -26"><span class='ocrx_word' id='word_1_80' title='bbox 301 2044 382 2117; x_wconf 88' lang='lat' dir='ltr'><strong>dam</strong></span> <span class='ocrx_word' id='word_1_81' title='bbox 396 2041 620 2140; x_wconf 85' lang='lat' dir='ltr'><strong>religionem,</strong></span> <span class='ocrx_word' id='word_1_82' title='bbox 639 2043 851 2143; x_wconf 85' lang='lat' dir='ltr'><strong>adjecerint:</strong></span> <span class='ocrx_word' id='word_1_83' title='bbox 874 2045 1039 2121; x_wconf 75' lang='lat' dir='ltr'><strong>«Colitur</strong></span> <span class='ocrx_word' id='word_1_84' title='bbox 1059 2055 1177 2120; x_wconf 78' lang='lat' dir='ltr'><strong>alitem</strong></span> <span class='ocrx_word' id='word_1_85' title='bbox 1200 2067 1272 2120; x_wconf 92' lang='lat' dir='ltr'><strong>non</strong></span> <span class='ocrx_word' id='word_1_86' title='bbox 1294 2057 1368 2120; x_wconf 88' lang='lat' dir='ltr'><strong>tau-</strong></span> 
     </span>
     <span class='ocr_line' id='line_1_14' title="bbox 302 2166 1376 2265; baseline 0.002 -25"><span class='ocrx_word' id='word_1_87' title='bbox 302 2189 424 2243; x_wconf 88' lang='lat' dir='ltr'><strong>rorum</strong></span> <span class='ocrx_word' id='word_1_88' title='bbox 442 2166 569 2265; x_wconf 87' lang='lat' dir='ltr'><strong>opimis</strong></span> <span class='ocrx_word' id='word_1_89' title='bbox 587 2167 794 2265; x_wconf 90' lang='lat' dir='ltr'><strong>corporibus</strong></span> <span class='ocrx_word' id='word_1_90' title='bbox 820 2169 1091 2259; x_wconf 87' lang='lat' dir='ltr'><strong>contrucidatis,</strong></span> <span class='ocrx_word' id='word_1_91' title='bbox 1115 2189 1181 2243; x_wconf 89' lang='lat' dir='ltr'><strong>nec</strong></span> <span class='ocrx_word' id='word_1_92' title='bbox 1200 2190 1288 2242; x_wconf 90' lang='lat' dir='ltr'><strong>auro</strong></span> <span class='ocrx_word' id='word_1_93' title='bbox 1314 2191 1376 2244; x_wconf 45' lang='lat' dir='ltr'><strong>are</strong></span> 
     </span>
     <span class='ocr_line' id='line_1_15' title="bbox 303 2287 1367 2389; baseline 0 -28"><span class='ocrx_word' id='word_1_94' title='bbox 303 2297 477 2384; x_wconf 82' lang='lat' dir='ltr'><strong>genioque</strong></span> <span class='ocrx_word' id='word_1_95' title='bbox 495 2309 686 2386; x_wconf 89' lang='lat' dir='ltr'><strong>suspenso,</strong></span> <span class='ocrx_word' id='word_1_96' title='bbox 706 2310 770 2362; x_wconf 92' lang='lat' dir='ltr'><strong>nec</strong></span> <span class='ocrx_word' id='word_1_97' title='bbox 789 2288 825 2362; x_wconf 93' lang='lat' dir='ltr'><strong>in</strong></span> <span class='ocrx_word' id='word_1_98' title='bbox 843 2289 1024 2364; x_wconf 86' lang='lat' dir='ltr'><strong>thesauros</strong></span> <span class='ocrx_word' id='word_1_99' title='bbox 1043 2289 1132 2389; x_wconf 88' lang='lat' dir='ltr'><strong>stipe</strong></span> <span class='ocrx_word' id='word_1_100' title='bbox 1157 2289 1290 2380; x_wconf 85' lang='lat' dir='ltr'><strong>inlusa,</strong></span> <span class='ocrx_word' id='word_1_101' title='bbox 1308 2287 1367 2363; x_wconf 90' lang='lat' dir='ltr'><strong>sed</strong></span> 
     </span>
     <span class='ocr_line' id='line_1_16' title="bbox 301 2410 787 2507; baseline 0.006 -24"><span class='ocrx_word' id='word_1_102' title='bbox 301 2410 358 2507; x_wconf 90' lang='lat' dir='ltr'><strong>pia</strong></span> <span class='ocrx_word' id='word_1_103' title='bbox 376 2421 410 2484; x_wconf 92' lang='lat' dir='ltr'><strong>et</strong></span> <span class='ocrx_word' id='word_1_104' title='bbox 428 2421 521 2485; x_wconf 88' lang='lat' dir='ltr'><strong>recta</strong></span> <span class='ocrx_word' id='word_1_105' title='bbox 541 2410 787 2486; x_wconf 80' lang='lat' dir='ltr'><strong>voluntate³.n</strong></span> 
     </span>
    </p>

    <p class='ocr_par' dir='ltr' id='par_1_6' title="bbox 287 2532 1374 3819">
     <span class='ocr_line' id='line_1_17' title="bbox 350 2532 1368 2635; baseline 0.003 -28"><span class='ocrx_word' id='word_1_106' title='bbox 350 2532 441 2608; x_wconf 86' lang='lat' dir='ltr'><strong>Tum</strong></span> <span class='ocrx_word' id='word_1_107' title='bbox 466 2533 609 2609; x_wconf 83' lang='lat' dir='ltr'><strong>Persius</strong></span> <span class='ocrx_word' id='word_1_108' title='bbox 633 2535 752 2610; x_wconf 86' lang='lat' dir='ltr'><strong>minus</strong></span> <span class='ocrx_word' id='word_1_109' title='bbox 780 2536 941 2611; x_wconf 88' lang='lat' dir='ltr'><strong>nocentia</strong></span> <span class='ocrx_word' id='word_1_110' title='bbox 966 2536 1109 2634; x_wconf 89' lang='lat' dir='ltr'><strong>quidem</strong></span> <span class='ocrx_word' id='word_1_111' title='bbox 1138 2536 1251 2635; x_wconf 89' lang='lat' dir='ltr'><strong>carpit</strong></span> <span class='ocrx_word' id='word_1_112' title='bbox 1273 2547 1368 2624; x_wconf 88' lang='lat' dir='ltr'><strong>vola,</strong></span> 
     </span>
     <span class='ocr_line' id='line_1_18' title="bbox 302 2654 1368 2757; baseline 0.003 -29"><span class='ocrx_word' id='word_1_113' title='bbox 302 2654 363 2729; x_wconf 88' lang='lat' dir='ltr'><strong>sed</strong></span> <span class='ocrx_word' id='word_1_114' title='bbox 380 2677 459 2752; x_wconf 86' lang='lat' dir='ltr'><strong>quae</strong></span> <span class='ocrx_word' id='word_1_115' title='bbox 477 2665 594 2732; x_wconf 87' lang='lat' dir='ltr'><strong>tanuen</strong></span> <span class='ocrx_word' id='word_1_116' title='bbox 612 2680 701 2732; x_wconf 88' lang='lat' dir='ltr'><strong>uerae</strong></span> <span class='ocrx_word' id='word_1_117' title='bbox 724 2658 850 2732; x_wconf 89' lang='lat' dir='ltr'><strong>rationi</strong></span> <span class='ocrx_word' id='word_1_118' title='bbox 868 2657 1021 2733; x_wconf 90' lang='lat' dir='ltr'><strong>mullum</strong></span> <span class='ocrx_word' id='word_1_119' title='bbox 1045 2658 1255 2757; x_wconf 89' lang='lat' dir='ltr'><strong>discrepant.</strong></span> <span class='ocrx_word' id='word_1_120' title='bbox 1281 2658 1368 2733; x_wconf 92' lang='lat' dir='ltr'><strong>Phi·</strong></span> 
     </span>
     <span class='ocr_line' id='line_1_19' title="bbox 302 2779 1370 2881; baseline 0.001 -27"><span class='ocrx_word' id='word_1_121' title='bbox 302 2779 461 2877; x_wconf 88' lang='lat' dir='ltr'><strong>losophia</strong></span> <span class='ocrx_word' id='word_1_122' title='bbox 480 2780 575 2855; x_wconf 89' lang='lat' dir='ltr'><strong>eninr</strong></span> <span class='ocrx_word' id='word_1_123' title='bbox 600 2781 773 2879; x_wconf 87' lang='lat' dir='ltr'><strong>ejusmodi</strong></span> <span class='ocrx_word' id='word_1_124' title='bbox 796 2793 864 2874; x_wconf 86' lang='lat' dir='ltr'><strong>est,</strong></span> <span class='ocrx_word' id='word_1_125' title='bbox 888 2806 965 2881; x_wconf 90' lang='lat' dir='ltr'><strong>quae</strong></span> <span class='ocrx_word' id='word_1_126' title='bbox 982 2783 1070 2856; x_wconf 93' lang='lat' dir='ltr'><strong>nihil</strong></span> <span class='ocrx_word' id='word_1_127' title='bbox 1097 2805 1167 2858; x_wconf 92' lang='lat' dir='ltr'><strong>non</strong></span> <span class='ocrx_word' id='word_1_128' title='bbox 1190 2782 1298 2856; x_wconf 93' lang='lat' dir='ltr'><strong>modo</strong></span> <span class='ocrx_word' id='word_1_129' title='bbox 1316 2782 1370 2855; x_wconf 93' lang='lat' dir='ltr'><strong>in-</strong></span> 
     </span>
     <span class='ocr_line' id='line_1_20' title="bbox 297 2903 1373 3004; baseline 0 -26"><span class='ocrx_word' id='word_1_130' title='bbox 297 2903 453 3002; x_wconf 89' lang='lat' dir='ltr'><strong>justum,</strong></span> <span class='ocrx_word' id='word_1_131' title='bbox 482 2903 544 2978; x_wconf 93' lang='lat' dir='ltr'><strong>sed</strong></span> <span class='ocrx_word' id='word_1_132' title='bbox 573 2904 678 2978; x_wconf 88' lang='lat' dir='ltr'><strong>etiarn</strong></span> <span class='ocrx_word' id='word_1_133' title='bbox 705 2903 920 2996; x_wconf 91' lang='lat' dir='ltr'><strong>absurdum,</strong></span> <span class='ocrx_word' id='word_1_134' title='bbox 946 2929 1097 3004; x_wconf 87' lang='lat' dir='ltr'><strong>usquam</strong></span> <span class='ocrx_word' id='word_1_135' title='bbox 1125 2915 1186 2980; x_wconf 87' lang='lat' dir='ltr'><strong>aut</strong></span> <span class='ocrx_word' id='word_1_136' title='bbox 1214 2905 1285 2980; x_wconf 90' lang='lat' dir='ltr'><strong>dici</strong></span> <span class='ocrx_word' id='word_1_137' title='bbox 1313 2915 1373 2980; x_wconf 89' lang='lat' dir='ltr'><strong>aut</strong></span> 
     </span>
     <span class='ocr_line' id='line_1_21' title="bbox 301 3022 1372 3122; baseline 0.002 -26"><span class='ocrx_word' id='word_1_138' title='bbox 301 3022 377 3097; x_wconf 86' lang='lat' dir='ltr'><strong>sueri</strong></span> <span class='ocrx_word' id='word_1_139' title='bbox 394 3045 494 3119; x_wconf 87' lang='lat' dir='ltr'><strong>aequo</strong></span> <span class='ocrx_word' id='word_1_140' title='bbox 517 3022 635 3098; x_wconf 89' lang='lat' dir='ltr'><strong>animo</strong></span> <span class='ocrx_word' id='word_1_141' title='bbox 653 3024 824 3122; x_wconf 87' lang='lat' dir='ltr'><strong>patiatur,</strong></span> <span class='ocrx_word' id='word_1_142' title='bbox 844 3036 877 3100; x_wconf 88' lang='lat' dir='ltr'><strong>et</strong></span> <span class='ocrx_word' id='word_1_143' title='bbox 894 3025 1013 3100; x_wconf 88' lang='lat' dir='ltr'><strong>omnia</strong></span> <span class='ocrx_word' id='word_1_144' title='bbox 1031 3025 1190 3099; x_wconf 81' lang='lat' dir='ltr'><strong>funditus</strong></span> <span class='ocrx_word' id='word_1_145' title='bbox 1209 3025 1372 3122; x_wconf 87' lang='lat' dir='ltr'><strong>repudiet</strong></span> 
     </span>
     <span class='ocr_line' id='line_1_22' title="bbox 303 3143 1371 3243; baseline 0.002 -25"><span class='ocrx_word' id='word_1_146' title='bbox 303 3167 381 3241; x_wconf 81' lang='lat' dir='ltr'><strong>quae</strong></span> <span class='ocrx_word' id='word_1_147' title='bbox 400 3144 559 3220; x_wconf 87' lang='lat' dir='ltr'><strong>homines</strong></span> <span class='ocrx_word' id='word_1_148' title='bbox 578 3145 640 3219; x_wconf 87' lang='lat' dir='ltr'><strong>Dei</strong></span> <span class='ocrx_word' id='word_1_149' title='bbox 663 3145 802 3241; x_wconf 86' lang='lat' dir='ltr'><strong>ignaros</strong></span> <span class='ocrx_word' id='word_1_150' title='bbox 825 3169 936 3243; x_wconf 90' lang='lat' dir='ltr'><strong>usque</strong></span> <span class='ocrx_word' id='word_1_151' title='bbox 963 3145 1007 3220; x_wconf 90' lang='lat' dir='ltr'><strong>ad</strong></span> <span class='ocrx_word' id='word_1_152' title='bbox 1032 3143 1168 3220; x_wconf 88' lang='lat' dir='ltr'><strong>belluas</strong></span> <span class='ocrx_word' id='word_1_153' title='bbox 1192 3143 1371 3243; x_wconf 83' lang='lat' dir='ltr'><strong>dejiciant.</strong></span> 
     </span>
     <span class='ocr_line' id='line_1_23' title="bbox 302 3263 1372 3354; baseline 0.005 -19"><span class='ocrx_word' id='word_1_154' title='bbox 302 3263 388 3338; x_wconf 87' lang='lat' dir='ltr'><strong>Vide</strong></span> <span class='ocrx_word' id='word_1_155' title='bbox 403 3264 526 3339; x_wconf 88' lang='lat' dir='ltr'><strong>stultas</strong></span> <span class='ocrx_word' id='word_1_156' title='bbox 543 3265 626 3339; x_wconf 90' lang='lat' dir='ltr'><strong>istas</strong></span> <span class='ocrx_word' id='word_1_157' title='bbox 654 3287 741 3338; x_wconf 90' lang='lat' dir='ltr'><strong>anus</strong></span> <span class='ocrx_word' id='word_1_158' title='bbox 765 3265 906 3338; x_wconf 87' lang='lat' dir='ltr'><strong>infantis</strong></span> <span class='ocrx_word' id='word_1_159' title='bbox 926 3265 963 3338; x_wconf 94' lang='lat' dir='ltr'><strong>in</strong></span> <span class='ocrx_word' id='word_1_160' title='bbox 990 3264 1175 3340; x_wconf 90' lang='lat' dir='ltr'><strong>cunabulis</strong></span> <span class='ocrx_word' id='word_1_161' title='bbox 1201 3265 1372 3354; x_wconf 90' lang='lat' dir='ltr'><strong>reclines,</strong></span> 
     </span>
     <span class='ocr_line' id='line_1_24' title="bbox 287 3382 1374 3482; baseline 0.005 -29"><span class='ocrx_word' id='word_1_162' title='bbox 287 3382 452 3458; x_wconf 73' lang='lat' dir='ltr'><strong>‘ironiam</strong></span> <span class='ocrx_word' id='word_1_163' title='bbox 470 3395 506 3458; x_wconf 91' lang='lat' dir='ltr'><strong>et</strong></span> <span class='ocrx_word' id='word_1_164' title='bbox 526 3384 651 3459; x_wconf 88' lang='lat' dir='ltr'><strong>labella</strong></span> <span class='ocrx_word' id='word_1_165' title='bbox 669 3384 783 3458; x_wconf 92' lang='lat' dir='ltr'><strong>salivis</strong></span> <span class='ocrx_word' id='word_1_166' title='bbox 804 3383 996 3480; x_wconf 77' lang='lat' dir='ltr'><strong>expianleS,</strong></span> <span class='ocrx_word' id='word_1_167' title='bbox 1014 3384 1201 3482; x_wconf 87' lang='lat' dir='ltr'><strong>ineptaque</strong></span> <span class='ocrx_word' id='word_1_168' title='bbox 1219 3395 1300 3458; x_wconf 88' lang='lat' dir='ltr'><strong>vota</strong></span> <span class='ocrx_word' id='word_1_169' title='bbox 1323 3383 1341 3457; x_wconf 88' lang='lat' dir='ltr'><strong>f</strong></span> <span class='ocrx_word' id='word_1_170' title='bbox 1357 3424 1374 3438; x_wconf 95' lang='lat'>·</span> 
     </span>
     <span class='ocr_line' id='line_1_25' title="bbox 304 3502 1374 3601; baseline 0.003 -26"><span class='ocrx_word' id='word_1_171' title='bbox 304 3502 450 3593; x_wconf 87' lang='lat' dir='ltr'><strong>cientes,</strong></span> <span class='ocrx_word' id='word_1_172' title='bbox 468 3513 503 3577; x_wconf 90' lang='lat' dir='ltr'><strong>et</strong></span> <span class='ocrx_word' id='word_1_173' title='bbox 519 3505 575 3580; x_wconf 91' lang='lat' dir='ltr'><strong>dic</strong></span> <span class='ocrx_word' id='word_1_174' title='bbox 593 3504 800 3601; x_wconf 86' lang='lat' dir='ltr'><strong>quantulam</strong></span> <span class='ocrx_word' id='word_1_175' title='bbox 819 3505 1076 3579; x_wconf 89' lang='lat' dir='ltr'><strong>sedem-velulis</strong></span> <span class='ocrx_word' id='word_1_176' title='bbox 1093 3505 1148 3580; x_wconf 91' lang='lat' dir='ltr'><strong>his</strong></span> <span class='ocrx_word' id='word_1_177' title='bbox 1162 3506 1198 3579; x_wconf 93' lang='lat' dir='ltr'><strong>in</strong></span> <span class='ocrx_word' id='word_1_178' title='bbox 1218 3506 1374 3580; x_wconf 88' lang='lat' dir='ltr'><strong>cerebris</strong></span> 
     </span>
     <span class='ocr_line' id='line_1_26' title="bbox 303 3623 1373 3724; baseline 0.007 -29"><span class='ocrx_word' id='word_1_179' title='bbox 303 3631 452 3718; x_wconf 85' lang='lat' dir='ltr'><strong>occupet</strong></span> <span class='ocrx_word' id='word_1_180' title='bbox 465 3623 677 3698; x_wconf 85' lang='lat' dir='ltr'><strong>acerrimum</strong></span> <span class='ocrx_word' id='word_1_181' title='bbox 694 3625 802 3714; x_wconf 92' lang='lat' dir='ltr'><strong>illud,</strong></span> <span class='ocrx_word' id='word_1_182' title='bbox 821 3624 957 3710; x_wconf 86' lang='lat' dir='ltr'><strong>bomini</strong></span> <span class='ocrx_word' id='word_1_183' title='bbox 981 3625 1102 3699; x_wconf 87' lang='lat' dir='ltr'><strong>delum</strong></span> <span class='ocrx_word' id='word_1_184' title='bbox 1124 3624 1249 3715; x_wconf 88' lang='lat' dir='ltr'><strong>aDe0,</strong></span> <span class='ocrx_word' id='word_1_185' title='bbox 1273 3627 1373 3724; x_wconf 83' lang='lat' dir='ltr'><strong>inge·</strong></span> 
     </span>
     <span class='ocr_line' id='line_1_27' title="bbox 305 3743 451 3819; baseline -0.021 -1"><span class='ocrx_word' id='word_1_186' title='bbox 305 3743 404 3819; x_wconf 89' lang='lat' dir='ltr'><strong>nium</strong></span> <span class='ocrx_word' id='word_1_187' title='bbox 414 3744 451 3815; x_wconf 71' lang='lat' dir='ltr'><strong>l!</strong></span> 
     </span>
    </p>
   </div>
   <div class='ocr_carea' id='block_1_6' title="bbox 340 3968 657 4328">
    <p class='ocr_par' dir='ltr' id='par_1_7' title="bbox 340 3968 657 4328">
     <span class='ocr_line' id='line_1_28' title="bbox 343 3968 657 4038; baseline -0.019 -11"><span class='ocrx_word' id='word_1_188' title='bbox 343 3968 350 3997; x_wconf 91' lang='lat'><strong>¹</strong></span> <span class='ocrx_word' id='word_1_189' title='bbox 363 3971 438 4027; x_wconf 85' lang='lat' dir='ltr'><strong>Pers.</strong></span> <span class='ocrx_word' id='word_1_190' title='bbox 452 3969 514 4025; x_wconf 85' lang='lat' dir='ltr'><strong>Sat.</strong></span> <span class='ocrx_word' id='word_1_191' title='bbox 526 3968 563 4038; x_wconf 94' lang='lat' dir='ltr'><strong>ll,</strong></span> <span class='ocrx_word' id='word_1_192' title='bbox 575 3979 600 4023; x_wconf 85' lang='lat' dir='ltr'><strong>u.</strong></span> <span class='ocrx_word' id='word_1_193' title='bbox 614 3971 657 4026; x_wconf 73' lang='lat' dir='ltr'><strong>il.</strong></span> 
     </span>
     <span class='ocr_line' id='line_1_29' title="bbox 340 4063 554 4136; baseline 0.005 -16"><span class='ocrx_word' id='word_1_194' title='bbox 340 4063 352 4103; x_wconf 80' lang='lat'>²</span> <span class='ocrx_word' id='word_1_195' title='bbox 364 4065 456 4136; x_wconf 86' lang='lat' dir='ltr'><strong>lolem,</strong></span> <span class='ocrx_word' id='word_1_196' title='bbox 472 4078 496 4121; x_wconf 87' lang='lat' dir='ltr'><strong>v.</strong></span> <span class='ocrx_word' id='word_1_197' title='bbox 510 4067 554 4124; x_wconf 82' lang='lat'><strong>28.</strong></span> 
     </span>
     <span class='ocr_line' id='line_1_30' title="bbox 340 4162 611 4235; baseline -0.015 -13"><span class='ocrx_word' id='word_1_198' title='bbox 340 4162 428 4222; x_wconf 76' lang='lat' dir='ltr'><strong>³sen.</strong></span> <span class='ocrx_word' id='word_1_199' title='bbox 443 4167 537 4235; x_wconf 78' lang='lat' dir='ltr'><strong>apoc</strong></span> <span class='ocrx_word' id='word_1_200' title='bbox 549 4166 611 4219; x_wconf 81' lang='lat' dir='ltr'><strong>tus.</strong></span> 
     </span>
     <span class='ocr_line' id='line_1_31' title="bbox 341 4257 585 4328; baseline -0.012 -13"><span class='ocrx_word' id='word_1_201' title='bbox 341 4257 438 4315; x_wconf 72' lang='lat' dir='ltr'><strong>‘Pers</strong></span> <span class='ocrx_word' id='word_1_202' title='bbox 452 4260 529 4328; x_wconf 89' lang='lat' dir='ltr'><strong>ll,v.</strong></span> <span class='ocrx_word' id='word_1_203' title='bbox 542 4261 585 4314; x_wconf 79' lang='grc'><strong>31.</strong></span> 
     </span>
    </p>
   </div>
   <div class='ocr_carea' id='block_1_7' title="bbox 0 0 1514 5084">
    <p class='ocr_par' dir='ltr' id='par_1_8' title="bbox 0 0 1514 5084">
     <span class='ocr_line' id='line_1_32' title="bbox 0 0 1514 5084; baseline 0 0"><span class='ocrx_word' id='word_1_204' title='bbox 0 0 1514 5084; x_wconf 95' lang='lat' dir='ltr'><strong> </strong></span> 
     </span>
    </p>
   </div>
  </div>
 </body>
</html>
