3042 5086
650 507 696 582 67

137 652 270 749 saepius
284 649 378 750 apud
394 671 457 724 nos
473 649 665 741 celebrato,
681 671 751 724 non
767 649 920 724 multum
936 647 1132 746 discrepare
1144 647 1208 724 tibi

137 774 328 850 videbitur.
352 773 459 864 Nam,
476 784 517 847 ut
534 773 670 865 stoicis,
689 773 740 849 sic
758 772 957 849 christianis
974 772 1089 870 placet
1104 795 1210 848 mun·

138 897 247 989 dum,
259 897 341 996 igne
357 897 529 987 solutum,
549 897 759 972 immensam
775 896 941 973 daturum
955 917 1029 970 esse
1046 894 1206 970 ruinam:

143 1021 276 1113 cCoeli,
291 1021 407 1120 inquit
420 1021 517 1096 divus
535 1022 680 1115 Petrus,
697 1045 824 1121 magne
843 1021 976 1122 impetu
992 1021 1209 1114 transibunt,

141 1146 317 1222 elementa
333 1145 447 1221 calore
464 1145 660 1239 solventur,
677 1155 919 1236 temnentem,
937 1157 972 1222 et
989 1168 1067 1244 quae
1081 1146 1116 1221 in
1135 1146 1210 1246 ipsa

142 1282 228 1345 sunt
245 1292 370 1368 opera,
388 1272 640 1356 exurentur¹.r
673 1269 762 1344 Cum
779 1291 859 1345 vero
877 1268 1106 1344 novissimum
1124 1269 1212 1346 illud

140 1392 320 1491 judicium
338 1390 550 1482 oratoribus,
569 1390 762 1489 pictoribus
781 1399 816 1465 et
830 1391 941 1490 poetis
958 1389 1211 1467 recentioribus

146 1514 300 1614 amplam
315 1526 350 1590 et
365 1515 509 1590 uberem
523 1513 712 1614 praebuerit
725 1513 925 1605 materiam,
942 1535 981 1588 ex
994 1537 1061 1612 qua
1075 1515 1213 1591 absolu·

149 1637 278 1711 tissima
300 1635 510 1710 effinxerunt
536 1659 661 1736 opera,
687 1636 795 1711 stoica
820 1635 895 1711 baec
920 1637 1052 1712 exustio
1081 1639 1211 1713 mirum

149 1759 281 1834 videtur
296 1759 325 1833 si
341 1758 474 1834 artibus
489 1768 524 1835 et
535 1759 658 1834 litteris
674 1782 843 1858 magnum
857 1779 927 1834 non
942 1760 1213 1859 suppeditaverit

147 1891 406 1979 argumentum.

193 2001 262 2077 Sed
274 2002 321 2076 ita
334 1999 496 2075 homines
510 1999 690 2075 constituti
705 2025 723 2076 a
738 2013 861 2076 natura
875 2002 1034 2092 suerunt,
1049 2013 1086 2079 ut
1099 2027 1211 2080 unum
1226 2035 1229 2042 Δ

147 2127 215 2199 hoc
234 2146 358 2224 poema
376 2146 435 2199 eos
457 2134 574 2220 posset
595 2123 655 2197 diu
675 2124 813 2221 juvare,
831 2125 924 2222 quod
942 2125 978 2199 in
997 2147 1138 2200 scenam
1156 2127 1213 2203 in·

147 2248 247 2324 ducit
264 2247 435 2323 hemines.
461 2247 606 2321 Frustra
634 2246 722 2320 mihi
744 2255 1005 2344 tempestatem,
1023 2249 1213 2344 diluvium,

147 2368 477 2465 conflagrationem,
500 2389 557 2442 res
587 2365 737 2462 denique
763 2367 931 2442 maximas
958 2379 993 2444 et
1018 2371 1213 2446 teterrimas

147 2492 361 2593 depinxeris3
380 2515 437 2567 me
454 2491 589 2565 lentum
610 2499 644 2564 et
662 2489 827 2586 frigidum
850 2491 1044 2590 relinques,
1063 2495 1129 2568 nisi
1148 2496 1212 2571 bo·

147 2617 282 2692 minem
307 2613 515 2713 quemdam,
540 2611 610 2686 mei
640 2611 790 2688 similem
815 2626 849 2690 et
872 2614 988 2713 aliquo
1014 2629 1213 2714 permotum

148 2740 292 2828 ellectu,
311 2736 409 2835 quasi
428 2734 539 2812 oculis
558 2735 644 2810 meis
662 2736 867 2835 subjeceris.
889 2738 964 2814 Hoc
989 2739 1111 2836 babet,
1127 2750 1161 2815 et
1176 2740 1213 2815 id

148 2863 317 2951 maxime,
336 2882 524 2958 supremus
550 2858 608 2932 ille
634 2859 795 2935 omnium
814 2861 1000 2936 bominum
1024 2873 1214 2940 conventus

149 2992 229 3058 ante
245 2979 399 3054 tribunal
417 2978 490 3052 Dei.
506 2975 696 3076 Nunquam
713 2978 808 3054 enim
827 2980 999 3054 terrestris
1008 2981 1131 3078 judex,
1150 3004 1213 3058 suo

149 3105 274 3181 sedens
298 3103 334 3176 in
360 3101 545 3192 tribunali,
569 3111 706 3175 tantum
733 3101 950 3177 adstantibus
967 3103 1087 3200 injecit
1104 3114 1213 3180 terro·

149 3251 244 3319 rem,
262 3237 451 3326 quantum,
466 3248 538 3299 nun
565 3223 797 3315 adstantibus,
816 3223 876 3298 sed
901 3223 1016 3300 solum
1034 3225 1215 3322 cogitanti-

150 3354 234 3445 bus,
245 3352 353 3450 judex
370 3351 428 3427 ille
443 3349 609 3440 caelestis,
628 3348 687 3446 qui
705 3348 747 3424 de
762 3348 931 3424 universis
946 3358 1075 3424 statuet
1095 3352 1213 3428 homi-

149 3477 273 3567 nibus,
291 3486 325 3550 et
339 3476 524 3573 plerosque
537 3459 675 3548 aeternis
692 3470 872 3569 suppliciis
889 3471 1079 3549 damnabit.
1098 3473 1213 3551 Stoica

149 3596 514 3694 autemconllngratie
530 3596 571 3670 ad
588 3595 730 3694 physica
751 3595 862 3692 magis
881 3597 1048 3694 quemad
1068 3597 1214 3673 moralia

151 3723 321 3821 pertinet,
348 3721 478 3819 quippe
504 3743 582 3818 quae
605 3717 820 3794 immutabili
843 3717 994 3795 latorum
1022 3720 1143 3796 ordine
1170 3719 1214 3794 sit

152 3856 298 3936 statuta,
325 3867 390 3919 nec
418 3843 529 3918 varias
560 3843 637 3918 illas
665 3844 823 3919 exhibeat
851 3865 1037 3942 personaS,
1062 3864 1213 3941 quarum

152 3968 276 4043 timent
291 3967 382 4059 aliae,
404 3966 480 4042 aliae
497 3976 614 4042 autem
632 3975 773 4042 terrent.
792 3966 919 4056 Perre,
941 3989 1019 4063 quae
1037 3967 1080 4042 ab
1098 3965 1213 4041 bomi-

188 4239 196 4278 ¹
209 4242 301 4312 Epist.
315 4238 353 4310 ll,
368 4253 392 4296 c.
409 4243 433 4294 3.
