3042 5086
814 491 909 594 aa

347 661 432 738 llaec
445 663 651 740 sublimiora
668 675 751 740 sunt
764 689 871 763 quarn
887 688 965 763 quae
983 689 1001 739 a
1020 663 1184 740 severiori
1201 661 1366 736 Porticus

299 783 398 860 Musa
414 786 557 862 eximios
580 810 700 863 versus
718 812 789 863 non
810 789 1051 888 expresserint.
1077 788 1197 884 ltaque
1225 785 1364 860 theolo-

296 929 362 1004 gus
387 908 446 984 ille
464 910 656 986 stoicorum
674 923 775 1009 poeta
799 911 963 988 Manilius
982 913 1147 1010 praeclare
1171 907 1364 985 enuntiavit

295 1052 373 1126 quae
387 1030 488 1106 nobis
508 1053 590 1106 cum
609 1032 679 1108 Deo
703 1033 774 1108 sint
797 1033 1017 1123 communia,
1041 1041 1076 1107 et
1100 1029 1277 1129 quomodo
1293 1029 1364 1101 bu-

295 1172 398 1226 mana
418 1152 506 1228 ratio
521 1176 540 1228 a
558 1151 673 1228 divina
688 1152 838 1244 ratione,
855 1153 948 1229 velut
964 1175 983 1227 a
1001 1154 1113 1243 sonte,
1131 1150 1325 1225 derivetur:

401 1349 469 1418 Quis
483 1347 590 1405 dubitat
602 1352 666 1419 post
678 1349 736 1407 baec
749 1350 886 1408 bominem
899 1351 1067 1421 conjungere
1082 1347 1171 1406 coelol

398 1439 530 1498 Eximiam
546 1445 645 1498 natura
658 1440 734 1499 dedit
745 1443 921 1515 linguamque
934 1455 1074 1513 capaxque

399 1537 555 1609 ingenium,
571 1536 765 1608 volucremque
781 1537 918 1596 animum?
931 1553 1012 1611 quem
1024 1538 1143 1608 denique
1159 1537 1186 1593 in
1202 1549 1287 1593 unum
1357 1613 1363 1620 ·

398 1634 549 1690 Descendit
561 1635 636 1691 Deus
651 1640 733 1706 atque
748 1636 865 1709 habitat,
879 1651 964 1709 seque
978 1637 1037 1709 ipse
1052 1634 1188 1708 requirit?

399 1824 468 1891 Quis
481 1824 581 1882 coelum
593 1829 702 1897 posset,
717 1826 770 1882 nisi
784 1827 847 1883 coeli
861 1842 990 1899 munere,
1006 1842 1104 1896 nosse,

398 1921 432 1977 Et
445 1920 565 1990 reperire
577 1922 678 1992 Deum,
692 1921 745 1977 nisi
758 1923 804 1993 qui
817 1936 882 1993 pars
894 1924 953 1994 ipse
966 1926 1085 1982 Deorum
1097 1925 1140 1978 est
1156 1919 1183 1976 ¹?

341 2096 404 2170 His
421 2097 457 2170 in
483 2097 596 2173 verbis
624 2098 755 2196 aliquid
774 2100 916 2175 forsitan
941 2101 1052 2198 magis
1077 2100 1121 2175 ad
1147 2120 1358 2174 communes

248 2257 253 2272 =
292 2219 479 2292 bominum
494 2241 617 2292 sensus
636 2230 670 2292 et
687 2219 731 2294 ad
745 2242 846 2294 aures
861 2220 953 2317 vulgi
969 2231 1090 2318 aptum
1103 2229 1137 2293 et
1154 2238 1357 2292 accommo-

294 2340 415 2414 datum
441 2340 635 2431 desideres;
662 2342 722 2416 sed
749 2341 854 2430 nibil,
880 2341 1001 2430 credo,
1025 2341 1091 2437 legi
1116 2349 1245 2437 potest,
1265 2336 1360 2435 quod

293 2461 540 2557 cogitationem
558 2473 714 2536 nostram
732 2463 852 2536 elicrat
875 2462 919 2536 ad
944 2463 1095 2560 majora,
1113 2471 1146 2534 et
1169 2459 1265 2557 quod
1284 2458 1361 2532 ani-

293 2605 390 2672 mos,
417 2584 590 2659 immensa
615 2584 772 2680 undique
798 2594 832 2656 et
857 2593 985 2658 aeterna
1012 2582 1362 2681 circumspicientes,

292 2704 533 2780 vehementius
550 2727 648 2779 sacra
666 2704 767 2801 quasi
784 2704 971 2780 formidine
989 2715 1200 2805 permoveat.

715 3132 860 3206 CAPUT
885 3133 941 3207 IX.

536 3298 582 3350 on
599 3296 688 3352 raro
705 3296 799 3352 aruo
813 3296 946 3352 roncas
964 3297 1117 3353 srurccs

345 3495 534 3569 Christiani
552 3496 738 3593 scriptores
756 3497 857 3572 nobis
876 3507 951 3572 lum
977 3499 1172 3596 praesertim
1196 3521 1365 3596 magnam

296 3615 460 3713 injiciunt
482 3614 767 3709 admirationem,
790 3641 872 3693 cum
896 3629 1066 3693 aeternum
1086 3631 1190 3718 atque
1209 3621 1366 3696 immen-

296 3759 376 3812 sum
395 3735 573 3833 quoddam
590 3763 721 3815 numen
733 3740 833 3815 nobis
847 3741 1052 3830 ostendunt,
1071 3743 1197 3838 quode
1213 3744 1367 3818 coelire-

295 3858 459 3956 gionibus
476 3861 599 3936 orbem
614 3871 787 3936 terrarum
801 3861 1020 3936 administrat
1038 3872 1222 3958 curatque,
1240 3871 1276 3939 e't
1291 3889 1367 3940 onr-

296 3977 373 4068 nia‚
385 3979 489 4053 etiam
503 3980 671 4076 pessima,
687 3978 964 4054 immutabilibus
979 3978 1114 4075 legibus
1127 3982 1307 4079 optimum
1319 3983 1364 4059 ad

331 4210 341 4249 ¹
355 4213 427 4272 blan.
442 4215 532 4282 Asta.¹
547 4213 565 4270 l.
580 4215 615 4284 ΙΙ,
629 4227 654 4270 v.
671 4218 731 4270 ⁴05.
