3002 5084
617 589 687 662 ¹147

115 738 275 811 moribus
292 737 400 810 multa
421 750 454 810 ct
469 737 672 833 magnifica,
692 760 770 833 quae
788 736 1000 836 protulimus
1018 746 1051 808 et
1071 735 1183 809 dilau-

115 859 291 949 davimus,
306 859 417 958 poetis
433 860 586 932 romanis
602 859 799 934 exornanda
828 857 1101 956 suppeditavere.
1118 857 1184 932 Co-

114 980 238 1078 gitanti
261 979 368 1076 igitur
385 1003 491 1077 quam
507 1003 624 1055 crasso
644 1003 741 1068 aere,
761 1003 865 1078 quam
886 979 1060 1076 uliginoso
1084 981 1182 1076 quasi

115 1101 191 1176 solo
215 1100 402 1176 adoleverit
427 1102 617 1177 stoicorum
643 1102 847 1200 disciplina,
875 1114 909 1177 et
927 1124 1032 1199 quarn
1056 1101 1183 1176 uberes

116 1244 158 1294 ac
171 1220 282 1294 varios
296 1219 443 1295 ediderit
456 1222 602 1311 lructus,
616 1221 842 1296 celeberrima
857 1221 1061 1296 recentioris
1075 1221 1185 1318 scrip-

116 1341 226 1415 toris¹
246 1340 348 1414 uerba
365 1339 467 1414 latius
483 1349 600 1437 patere
619 1363 725 1437 quam
743 1340 815 1438 ipse
834 1341 949 1414 forsan
969 1339 1184 1413 existimave-

116 1462 163 1535 rit
175 1461 262 1534 mihi
278 1461 456 1551 videntur,
471 1471 630 1536 naturam
648 1443 840 1536 bumanam
858 1460 1018 1536 videlicet
1036 1461 1185 1535 insolitis

117 1581 257 1657 nixibus
275 1606 315 1656 ex
333 1582 407 1657 alvo
426 1583 621 1678 profudisse
644 1583 887 1658 admirabilem
914 1583 1010 1658 illam
1034 1593 1185 1672 sectam,
1274 1573 1278 1580 ’

118 1704 160 1778 iis
179 1705 307 1804 plantis
331 1703 500 1794 similem,
518 1727 604 1801 quas
624 1704 742 1795 telluS,
761 1704 958 1802 caliginosis
979 1705 1013 1778 in
1034 1705 1187 1802 regioni·

121 1825 202 1916 bus,
222 1849 260 1899 ex
279 1825 387 1899 bumo
407 1825 595 1922 aliquando
614 1826 734 1923 gignit.

169 1949 259 2034 Quin
279 1949 404 2036 etiam,
430 1951 592 2024 Porticus
611 1952 676 2024 lata
703 1951 859 2046 angustis
876 1960 1031 2023 veterum
1050 1960 1186 2046 tempo-

118 2094 199 2144 rum
216 2072 375 2145 terminis
394 2094 463 2154 non
484 2073 625 2146 luerunt
644 2071 925 2168 circumscripta,
943 2069 1002 2144 sed
1023 2070 1116 2166 apud
1133 2092 1187 2142 re-

121 2204 239 2267 centes
257 2192 333 2267 aliis
351 2193 417 2267 snb
436 2194 698 2269 conditionibus
713 2194 833 2267 iterata
851 2207 943 2268 sunt.
963 2193 1009 2267 Ut
1026 2192 1187 2268 Grotium

122 2320 325 2409 praeteream
345 2312 478 2409 dejure
493 2311 575 2386 belli
595 2323 627 2387 et
647 2313 760 2411 paciS,
779 2336 818 2387 ex
835 2313 984 2387 Zenonis
1002 2313 1187 2404 institutis,

99 2497 101 2502 .
122 2431 353 2520 scribentem,
370 2441 404 2504 et
420 2431 587 2505 Kantiu'm
611 2432 802 2504 stoicorum
829 2441 999 2530 praecepta
1019 2432 1061 2505 de
1076 2432 1187 2508 mori-

122 2552 188 2627 bus
211 2550 472 2639 restituentem,
493 2549 674 2624 Cornelius
698 2561 831 2639 noster,
858 2560 898 2623 ut
919 2550 977 2646 qui
1001 2549 1131 2624 Seneca
1155 2560 1189 2625 et

122 2674 267 2746 Lucano
280 2671 427 2747 mirifice
449 2671 638 2747 delectatus
661 2670 785 2759 luerit,
803 2671 900 2768 juxta
918 2693 1040 2745 eorum
1062 2670 1188 2769 placita

123 2821 204 2873 suas
232 2796 388 2871 condidit
415 2796 610 2893 tragoedias.
643 2795 733 2882 Quot
759 2795 853 2870 enim
879 2819 1046 2894 personas
1072 2796 1108 2869 in
1134 2796 1188 2869 his

124 2920 300 3016 praeclaris
318 2919 456 2993 inducit
473 2920 636 3016 operibus
660 2920 852 3017 appetitum
877 2919 1023 3008 rationi,
1050 2943 1188 2993 summa

126 3063 195 3114 non
214 3041 287 3116 sine
306 3041 544 3131 contentione,
563 3041 807 3139 subjicientes,
827 3053 861 3116 et
879 3041 1103 3116 audientibus
1120 3065 1191 3116 non

126 3164 402 3240 misericordiam
419 3187 542 3238 vanam
565 3173 599 3238 et
620 3163 775 3261 sapiente
794 3163 992 3260 indignam,
1016 3164 1076 3239 sed
1095 3165 1191 3240 lrnc-

127 3296 264 3357 mosam
290 3291 325 3358 et
346 3306 424 3357 vere
451 3283 596 3356 stoicam
625 3281 894 3356 admirationem
918 3267 1115 3358 moventesl
1142 3283 1194 3357 lta

128 3404 196 3478 hoc
221 3404 470 3500 tragoediarum
489 3425 620 3498 genus,
644 3425 790 3491 norum,
814 3402 1029 3492 inauditum,
1052 3402 1193 3477 Graeco·

127 3548 208 3599 rum
228 3525 402 3622 tragoediae
415 3524 510 3599 baud
528 3545 652 3621 parurn
672 3522 856 3612 dissimile,
875 3522 969 3619 quod
986 3545 1005 3598 a
1022 3545 1058 3597 se
1073 3523 1194 3597 inven-

130 3658 206 3718 tum
225 3668 294 3719 non
317 3645 493 3721 immerito
512 3642 703 3742 praedicant
725 3653 901 3732 recentes,
925 3665 944 3717 e
967 3642 1076 3717 stoico
1102 3643 1195 3716 sonte

131 3761 272 3834 cecidit!

178 3881 368 3971 Praeterea,
387 3883 441 3955 his
460 3884 674 3980 argumentis
694 3894 796 3980 atque
815 3882 981 3980 exemplis
1001 3903 1105 3969 usus,
1122 3880 1194 3954 lor-

131 4004 211 4078 titer
228 4003 471 4079 affirmaverim
488 4006 595 4103 (quod
613 4027 684 4080 non
707 4004 820 4080 solum
845 4003 889 4078 ad
915 4015 1033 4101 poetas
1060 4001 1195 4077 stoicis·

172 4295 178 4322 ¹
193 4295 394 4364 llontesquieu.
413 4293 573 4352 Grandem
586 4301 614 4352 et
625 4293 786 4352 decadence
800 4295 849 4352 dea
863 4297 1013 4364 domatus,
1029 4292 1071 4350 clt.
1086 4293 1153 4352 xvl.
