<?xml version="1.0" encoding="UTF-8"?>
<!DOCTYPE html PUBLIC "-//W3C//DTD XHTML 1.0 Transitional//EN"
    "http://www.w3.org/TR/xhtml1/DTD/xhtml1-transitional.dtd">
<html xmlns="http://www.w3.org/1999/xhtml" xml:lang="en" lang="en">
 <head>
  <title>
</title>
<meta http-equiv="Content-Type" content="text/html;charset=utf-8" />
  <meta name='ocr-system' content='tesseract 3.04.00' />
  <meta name='ocr-capabilities' content='ocr_page ocr_carea ocr_par ocr_line ocrx_word'/>
</head>
<body>
  <div class='ocr_page' id='page_1' title='image "./destoicadiscipl01ferrgoog_0161.png"; bbox 0 0 3002 5084; ppageno 0'>
   <div class='ocr_carea' id='block_1_1' title="bbox 798 501 871 575">
    <p class='ocr_par' dir='ltr' id='par_1_1' title="bbox 798 501 871 575">
     <span class='ocr_line' id='line_1_1' title="bbox 798 501 871 575; baseline 0 0"><span class='ocrx_word' id='word_1_1' title='bbox 798 501 871 575; x_wconf 78' lang='lat'>148</span> 
     </span>
    </p>
   </div>
   <div class='ocr_carea' id='block_1_2' title="bbox 207 649 1373 2082">
    <p class='ocr_par' dir='ltr' id='par_1_2' title="bbox 207 649 1373 2082">
     <span class='ocr_line' id='line_1_2' title="bbox 304 649 1371 750; baseline -0.004 -22"><span class='ocrx_word' id='word_1_2' title='bbox 304 665 437 744; x_wconf 83' lang='lat' dir='ltr'>santes,</span> <span class='ocrx_word' id='word_1_3' title='bbox 462 651 523 726; x_wconf 89' lang='lat' dir='ltr'>sed</span> <span class='ocrx_word' id='word_1_4' title='bbox 552 651 656 726; x_wconf 86' lang='lat' dir='ltr'>etium</span> <span class='ocrx_word' id='word_1_5' title='bbox 682 650 725 724; x_wconf 83' lang='lat' dir='ltr'>ud</span> <span class='ocrx_word' id='word_1_6' title='bbox 753 661 871 750; x_wconf 81' lang='lat' dir='ltr'>poetes</span> <span class='ocrx_word' id='word_1_7' title='bbox 899 649 1056 747; x_wconf 87' lang='lat' dir='ltr'>quolibet</span> <span class='ocrx_word' id='word_1_8' title='bbox 1082 650 1187 724; x_wconf 88' lang='lat' dir='ltr'>modu</span> <span class='ocrx_word' id='word_1_9' title='bbox 1211 651 1371 746; x_wconf 86' lang='lat' dir='ltr'>philoso-</span> 
     </span>
     <span class='ocr_line' id='line_1_3' title="bbox 304 753 1371 873; baseline -0.002 -25"><span class='ocrx_word' id='word_1_10' title='bbox 304 777 451 873; x_wconf 80' lang='lat' dir='ltr'>phantes</span> <span class='ocrx_word' id='word_1_11' title='bbox 475 775 620 872; x_wconf 84' lang='lat' dir='ltr'>spectat)</span> <span class='ocrx_word' id='word_1_12' title='bbox 642 782 780 870; x_wconf 81' lang='lat' dir='ltr'>poetam</span> <span class='ocrx_word' id='word_1_13' title='bbox 799 773 935 868; x_wconf 82' lang='lat' dir='ltr'>egregie</span> <span class='ocrx_word' id='word_1_14' title='bbox 964 794 1039 845; x_wconf 89' lang='lat' dir='ltr'>esse</span> <span class='ocrx_word' id='word_1_15' title='bbox 1062 783 1224 844; x_wconf 81' lang='lat' dir='ltr'>acturum</span> <span class='ocrx_word' id='word_1_16' title='bbox 1243 773 1303 868; x_wconf 91' lang='lat' dir='ltr'>qui</span> <span class='ocrx_word' id='word_1_17' title='bbox 1331 753 1371 846; x_wconf 80' lang='lat' dir='ltr'>eu</span> 
     </span>
     <span class='ocr_line' id='line_1_4' title="bbox 305 891 1371 992; baseline -0.003 -24"><span class='ocrx_word' id='word_1_18' title='bbox 305 919 382 992; x_wconf 86' lang='lat' dir='ltr'>quae</span> <span class='ocrx_word' id='word_1_19' title='bbox 400 894 548 969; x_wconf 82' lang='lat' dir='ltr'>senserit</span> <span class='ocrx_word' id='word_1_20' title='bbox 563 904 597 968; x_wconf 90' lang='lat' dir='ltr'>et</span> <span class='ocrx_word' id='word_1_21' title='bbox 614 915 683 991; x_wconf 87' lang='lat' dir='ltr'>quo</span> <span class='ocrx_word' id='word_1_22' title='bbox 703 891 806 965; x_wconf 88' lang='lat' dir='ltr'>modo</span> <span class='ocrx_word' id='word_1_23' title='bbox 830 891 977 965; x_wconf 80' lang='lat' dir='ltr'>senserit</span> <span class='ocrx_word' id='word_1_24' title='bbox 995 892 1178 989; x_wconf 81' lang='lat' dir='ltr'>exprimet,</span> <span class='ocrx_word' id='word_1_25' title='bbox 1203 915 1243 965; x_wconf 86' lang='lat' dir='ltr'>ac</span> <span class='ocrx_word' id='word_1_26' title='bbox 1263 903 1371 966; x_wconf 87' lang='lat' dir='ltr'>tutum</span> 
     </span>
     <span class='ocr_line' id='line_1_5' title="bbox 304 1011 1371 1114; baseline -0.002 -21"><span class='ocrx_word' id='word_1_27' title='bbox 304 1031 459 1093; x_wconf 86' lang='lat' dir='ltr'>mentem</span> <span class='ocrx_word' id='word_1_28' title='bbox 491 1018 525 1090; x_wconf 95' lang='lat' dir='ltr'>in</span> <span class='ocrx_word' id='word_1_29' title='bbox 559 1017 716 1092; x_wconf 83' lang='lat' dir='ltr'>chartam</span> <span class='ocrx_word' id='word_1_30' title='bbox 751 1015 860 1091; x_wconf 85' lang='lat' dir='ltr'>nubili</span> <span class='ocrx_word' id='word_1_31' title='bbox 896 1011 1060 1112; x_wconf 80' lang='lat' dir='ltr'>quedem·</span> <span class='ocrx_word' id='word_1_32' title='bbox 1082 1014 1240 1090; x_wconf 83' lang='lat' dir='ltr'>libertate</span> <span class='ocrx_word' id='word_1_33' title='bbox 1270 1019 1371 1114; x_wconf 86' lang='lat' dir='ltr'>quasi</span> 
     </span>
     <span class='ocr_line' id='line_1_6' title="bbox 304 1137 1371 1237; baseline -0.003 -22"><span class='ocrx_word' id='word_1_34' title='bbox 304 1141 468 1216; x_wconf 86' lang='lat' dir='ltr'>effundet.</span> <span class='ocrx_word' id='word_1_35' title='bbox 496 1140 616 1237; x_wconf 84' lang='lat' dir='ltr'>ltaque</span> <span class='ocrx_word' id='word_1_36' title='bbox 633 1149 734 1237; x_wconf 83' lang='lat' dir='ltr'>poeta</span> <span class='ocrx_word' id='word_1_37' title='bbox 756 1138 997 1236; x_wconf 82' lang='lat' dir='ltr'>philosophari</span> <span class='ocrx_word' id='word_1_38' title='bbox 1015 1137 1137 1212; x_wconf 89' lang='lat' dir='ltr'>suiitus</span> <span class='ocrx_word' id='word_1_39' title='bbox 1156 1149 1190 1211; x_wconf 88' lang='lat' dir='ltr'>et</span> <span class='ocrx_word' id='word_1_40' title='bbox 1214 1150 1371 1214; x_wconf 81' lang='lat' dir='ltr'>uersatus</span> 
     </span>
     <span class='ocr_line' id='line_1_7' title="bbox 305 1256 1370 1356; baseline -0.001 -24"><span class='ocrx_word' id='word_1_41' title='bbox 305 1260 396 1334; x_wconf 87' lang='lat' dir='ltr'>inter</span> <span class='ocrx_word' id='word_1_42' title='bbox 421 1259 583 1333; x_wconf 90' lang='lat' dir='ltr'>homines</span> <span class='ocrx_word' id='word_1_43' title='bbox 608 1258 848 1356; x_wconf 81' lang='lat' dir='ltr'>philosophari</span> <span class='ocrx_word' id='word_1_44' title='bbox 867 1256 1006 1347; x_wconf 87' lang='lat' dir='ltr'>solitos,</span> <span class='ocrx_word' id='word_1_45' title='bbox 1028 1257 1289 1355; x_wconf 76' lang='lat' dir='ltr'>philosophica,</span> <span class='ocrx_word' id='word_1_46' title='bbox 1314 1281 1370 1331; x_wconf 91' lang='lat' dir='ltr'>me</span> 
     </span>
     <span class='ocr_line' id='line_1_8' title="bbox 207 1376 1372 1479; baseline -0.003 -24"><span class='ocrx_word' id='word_1_47' title='bbox 207 1418 212 1432; x_wconf 80' lang='lat'>=</span> <span class='ocrx_word' id='word_1_48' title='bbox 302 1382 441 1479; x_wconf 82' lang='lat' dir='ltr'>judice,</span> <span class='ocrx_word' id='word_1_49' title='bbox 469 1380 597 1455; x_wconf 82' lang='lat' dir='ltr'>condet</span> <span class='ocrx_word' id='word_1_50' title='bbox 626 1379 794 1454; x_wconf 82' lang='lat' dir='ltr'>earmina.</span> <span class='ocrx_word' id='word_1_51' title='bbox 828 1377 1008 1474; x_wconf 84' lang='lat' dir='ltr'>Ingenuus</span> <span class='ocrx_word' id='word_1_52' title='bbox 1035 1376 1130 1451; x_wconf 93' lang='lat' dir='ltr'>enim</span> <span class='ocrx_word' id='word_1_53' title='bbox 1162 1391 1195 1450; x_wconf 91' lang='lat' dir='ltr'>et</span> <span class='ocrx_word' id='word_1_54' title='bbox 1225 1378 1372 1476; x_wconf 88' lang='lat' dir='ltr'>simplex</span> 
     </span>
     <span class='ocr_line' id='line_1_9' title="bbox 306 1501 1373 1598; baseline 0 -24"><span class='ocrx_word' id='word_1_55' title='bbox 306 1503 444 1575; x_wconf 85' lang='lat' dir='ltr'>enimus</span> <span class='ocrx_word' id='word_1_56' title='bbox 471 1524 540 1575; x_wconf 90' lang='lat' dir='ltr'>non</span> <span class='ocrx_word' id='word_1_57' title='bbox 559 1502 676 1575; x_wconf 85' lang='lat' dir='ltr'>minus</span> <span class='ocrx_word' id='word_1_58' title='bbox 695 1525 713 1575; x_wconf 85' lang='lat' dir='ltr'>e</span> <span class='ocrx_word' id='word_1_59' title='bbox 732 1511 833 1598; x_wconf 82' lang='lat' dir='ltr'>poeta</span> <span class='ocrx_word' id='word_1_60' title='bbox 858 1523 1001 1597; x_wconf 85' lang='lat' dir='ltr'>quema</span> <span class='ocrx_word' id='word_1_61' title='bbox 1026 1501 1235 1598; x_wconf 86' lang='lat' dir='ltr'>philosophe</span> <span class='ocrx_word' id='word_1_62' title='bbox 1255 1502 1373 1598; x_wconf 92' lang='lat' dir='ltr'>requi·</span> 
     </span>
     <span class='ocr_line' id='line_1_10' title="bbox 306 1620 1371 1719; baseline 0.001 -27"><span class='ocrx_word' id='word_1_63' title='bbox 306 1622 413 1712; x_wconf 82' lang='lat' dir='ltr'>ritur3</span> <span class='ocrx_word' id='word_1_64' title='bbox 441 1644 505 1695; x_wconf 85' lang='lat' dir='ltr'>neu</span> <span class='ocrx_word' id='word_1_65' title='bbox 531 1623 606 1694; x_wconf 83' lang='lat' dir='ltr'>fieri</span> <span class='ocrx_word' id='word_1_66' title='bbox 637 1632 764 1719; x_wconf 88' lang='lat' dir='ltr'>potest,</span> <span class='ocrx_word' id='word_1_67' title='bbox 791 1633 830 1694; x_wconf 86' lang='lat' dir='ltr'>ut</span> <span class='ocrx_word' id='word_1_68' title='bbox 855 1621 884 1693; x_wconf 91' lang='lat' dir='ltr'>is</span> <span class='ocrx_word' id='word_1_69' title='bbox 910 1621 1042 1717; x_wconf 83' lang='lat' dir='ltr'>aliquid</span> <span class='ocrx_word' id='word_1_70' title='bbox 1069 1620 1200 1695; x_wconf 85' lang='lat' dir='ltr'>scribut</span> <span class='ocrx_word' id='word_1_71' title='bbox 1226 1622 1371 1717; x_wconf 89' lang='lat' dir='ltr'>posteris</span> 
     </span>
     <span class='ocr_line' id='line_1_11' title="bbox 305 1741 1371 1839; baseline 0.001 -24"><span class='ocrx_word' id='word_1_72' title='bbox 305 1741 469 1838; x_wconf 84' lang='lat' dir='ltr'>dignum,</span> <span class='ocrx_word' id='word_1_73' title='bbox 485 1742 545 1839; x_wconf 89' lang='lat' dir='ltr'>qui</span> <span class='ocrx_word' id='word_1_74' title='bbox 565 1743 659 1816; x_wconf 87' lang='lat' dir='ltr'>eliud</span> <span class='ocrx_word' id='word_1_75' title='bbox 678 1753 795 1816; x_wconf 89' lang='lat' dir='ltr'>mente</span> <span class='ocrx_word' id='word_1_76' title='bbox 816 1741 1032 1838; x_wconf 82' lang='lat' dir='ltr'>cogitaverit,</span> <span class='ocrx_word' id='word_1_77' title='bbox 1053 1742 1148 1815; x_wconf 82' lang='lat' dir='ltr'>eliud</span> <span class='ocrx_word' id='word_1_78' title='bbox 1170 1742 1205 1814; x_wconf 92' lang='lat' dir='ltr'>in</span> <span class='ocrx_word' id='word_1_79' title='bbox 1228 1764 1287 1816; x_wconf 90' lang='lat' dir='ltr'>ure</span> <span class='ocrx_word' id='word_1_80' title='bbox 1309 1744 1371 1816; x_wconf 83' lang='lat' dir='ltr'>hu·</span> 
     </span>
     <span class='ocr_line' id='line_1_12' title="bbox 304 1862 1367 1962; baseline -0.001 -25"><span class='ocrx_word' id='word_1_81' title='bbox 304 1862 441 1952; x_wconf 89' lang='lat' dir='ltr'>buerit,</span> <span class='ocrx_word' id='word_1_82' title='bbox 469 1862 600 1936; x_wconf 88' lang='lat' dir='ltr'>nedum</span> <span class='ocrx_word' id='word_1_83' title='bbox 628 1863 797 1953; x_wconf 83' lang='lat' dir='ltr'>veritatis,</span> <span class='ocrx_word' id='word_1_84' title='bbox 825 1876 894 1936; x_wconf 90' lang='lat' dir='ltr'>non</span> <span class='ocrx_word' id='word_1_85' title='bbox 924 1886 1026 1939; x_wconf 85' lang='lat' dir='ltr'>secus</span> <span class='ocrx_word' id='word_1_86' title='bbox 1056 1887 1096 1939; x_wconf 84' lang='lat' dir='ltr'>ac</span> <span class='ocrx_word' id='word_1_87' title='bbox 1124 1862 1178 1939; x_wconf 92' lang='lat' dir='ltr'>dei</span> <span class='ocrx_word' id='word_1_88' title='bbox 1206 1863 1367 1962; x_wconf 79' lang='lat' dir='ltr'>alicujus,</span> 
     </span>
     <span class='ocr_line' id='line_1_13' title="bbox 306 1983 609 2082; baseline 0 -26"><span class='ocrx_word' id='word_1_89' title='bbox 306 2005 424 2058; x_wconf 83' lang='lat' dir='ltr'>amore</span> <span class='ocrx_word' id='word_1_90' title='bbox 440 1983 609 2082; x_wconf 83' lang='lat' dir='ltr'>rapiatur.</span> 
     </span>
    </p>
   </div>
   <div class='ocr_carea' id='block_1_3' title="bbox 308 2681 1178 2854">
    <p class='ocr_par' dir='ltr' id='par_1_3' title="bbox 308 2681 1178 2854">
     <span class='ocr_line' id='line_1_14' title="bbox 450 2681 758 2762; baseline -0.003 -22"><span class='ocrx_word' id='word_1_91' title='bbox 450 2682 510 2740; x_wconf 85' lang='lat' dir='ltr'>viui</span> <span class='ocrx_word' id='word_1_92' title='bbox 525 2697 557 2738; x_wconf 85' lang='lat' dir='ltr'>ae</span> <span class='ocrx_word' id='word_1_93' title='bbox 573 2681 692 2754; x_wconf 80' lang='lat' dir='ltr'>perlegi,</span> <span class='ocrx_word' id='word_1_94' title='bbox 756 2757 758 2762; x_wconf 23' lang='grc' dir='ltr'>Ι</span> 
     </span>
     <span class='ocr_line' id='line_1_15' title="bbox 308 2777 1178 2854; baseline 0.005 -20"><span class='ocrx_word' id='word_1_95' title='bbox 308 2777 421 2835; x_wconf 82' lang='lat' dir='ltr'>tutetiae</span> <span class='ocrx_word' id='word_1_96' title='bbox 434 2779 614 2850; x_wconf 84' lang='lat' dir='ltr'>Parisiorum,</span> <span class='ocrx_word' id='word_1_97' title='bbox 629 2780 656 2836; x_wconf 93' lang='lat' dir='ltr'>in</span> <span class='ocrx_word' id='word_1_98' title='bbox 670 2781 810 2850; x_wconf 80' lang='lat' dir='ltr'>sorbonn,</span> <span class='ocrx_word' id='word_1_99' title='bbox 824 2795 849 2836; x_wconf 86' lang='lat' dir='ltr'>a.</span> <span class='ocrx_word' id='word_1_100' title='bbox 865 2781 891 2837; x_wconf 89' lang='lat' dir='ltr'>d.</span> <span class='ocrx_word' id='word_1_101' title='bbox 909 2781 942 2838; x_wconf 84' lang='lat' dir='ltr'>vi</span> <span class='ocrx_word' id='word_1_102' title='bbox 954 2782 1017 2840; x_wconf 89' lang='lat' dir='ltr'>idus</span> <span class='ocrx_word' id='word_1_103' title='bbox 1031 2783 1178 2854; x_wconf 84' lang='lat' dir='ltr'>septembr.</span> 
     </span>
    </p>
   </div>
   <div class='ocr_carea' id='block_1_4' title="bbox 342 2874 1371 3045">
    <p class='ocr_par' dir='ltr' id='par_1_4' title="bbox 342 2874 1371 3045">
     <span class='ocr_line' id='line_1_16' title="bbox 342 2874 596 2942; baseline 0.004 -14"><span class='ocrx_word' id='word_1_104' title='bbox 342 2886 385 2928; x_wconf 83' lang='lat' dir='ltr'>nu.</span> <span class='ocrx_word' id='word_1_105' title='bbox 400 2874 596 2942; x_wconf 81' lang='lat' dir='ltr'>nnccctxn,</span> 
     </span>
     <span class='ocr_line' id='line_1_17' title="bbox 531 2966 1371 3045; baseline 0.01 -22"><span class='ocrx_word' id='word_1_106' title='bbox 531 2966 682 3024; x_wconf 76' lang='lat' dir='ltr'>incutiatis</span> <span class='ocrx_word' id='word_1_107' title='bbox 697 2967 859 3024; x_wconf 85' lang='lat' dir='ltr'>Litterarum</span> <span class='ocrx_word' id='word_1_108' title='bbox 875 2968 902 3024; x_wconf 91' lang='lat' dir='ltr'>in</span> <span class='ocrx_word' id='word_1_109' title='bbox 917 2969 1056 3024; x_wconf 81' lang='lat' dir='ltr'>academia</span> <span class='ocrx_word' id='word_1_110' title='bbox 1069 2970 1217 3028; x_wconf 87' lang='lat' dir='ltr'>Parisiensi</span> <span class='ocrx_word' id='word_1_111' title='bbox 1232 2972 1371 3045; x_wconf 82' lang='lat' dir='ltr'>decanus,</span> 
     </span>
    </p>
   </div>
   <div class='ocr_carea' id='block_1_5' title="bbox 838 3064 1156 3122">
    <p class='ocr_par' dir='ltr' id='par_1_5' title="bbox 838 3064 1156 3122">
     <span class='ocr_line' id='line_1_18' title="bbox 838 3064 1156 3122; baseline 0.003 -2"><span class='ocrx_word' id='word_1_112' title='bbox 838 3065 861 3120; x_wconf 86' lang='lat' dir='ltr'>J.</span> <span class='ocrx_word' id='word_1_113' title='bbox 877 3065 962 3121; x_wconf 76' lang='lat' dir='ltr'>vlcr.</span> <span class='ocrx_word' id='word_1_114' title='bbox 981 3065 1020 3121; x_wconf 86' lang='lat' dir='ltr'>LE</span> <span class='ocrx_word' id='word_1_115' title='bbox 1039 3064 1156 3122; x_wconf 84' lang='lat' dir='ltr'><strong>CLERC.</strong></span> 
     </span>
    </p>
   </div>
   <div class='ocr_carea' id='block_1_6' title="bbox 902 3182 1318 3526">
    <p class='ocr_par' dir='ltr' id='par_1_6' title="bbox 902 3182 1318 3526">
     <span class='ocr_line' id='line_1_19' title="bbox 969 3182 1286 3254; baseline 0.009 -18"><span class='ocrx_word' id='word_1_116' title='bbox 969 3183 1072 3237; x_wconf 86' lang='lat' dir='ltr'>Permis</span> <span class='ocrx_word' id='word_1_117' title='bbox 1085 3182 1263 3254; x_wconf 82' lang='lat' dir='ltr'>d&#39;imprimer,</span> <span class='ocrx_word' id='word_1_118' title='bbox 1277 3201 1286 3210; x_wconf 93' lang='lat'><em>·</em></span> 
     </span>
     <span class='ocr_line' id='line_1_20' title="bbox 945 3277 1277 3348; baseline 0.015 -19"><span class='ocrx_word' id='word_1_119' title='bbox 945 3289 1015 3345; x_wconf 81' lang='lat' dir='ltr'>pour</span> <span class='ocrx_word' id='word_1_120' title='bbox 1034 3277 1059 3332; x_wconf 87' lang='lat' dir='ltr'>ie</span> <span class='ocrx_word' id='word_1_121' title='bbox 1079 3278 1277 3348; x_wconf 82' lang='lat' dir='ltr'>vice-rectem,</span> 
     </span>
     <span class='ocr_line' id='line_1_21' title="bbox 902 3369 1318 3444; baseline 0.014 -18"><span class='ocrx_word' id='word_1_122' title='bbox 902 3369 1081 3442; x_wconf 87' lang='lat' dir='ltr'>i&#39;inspecteur</span> <span class='ocrx_word' id='word_1_123' title='bbox 1093 3371 1126 3428; x_wconf 88' lang='lat' dir='ltr'>de</span> <span class='ocrx_word' id='word_1_124' title='bbox 1140 3373 1318 3444; x_wconf 81' lang='lat' dir='ltr'>i’icadtmie,</span> 
     </span>
     <span class='ocr_line' id='line_1_22' title="bbox 1015 3468 1211 3526; baseline 0.02 -4"><span class='ocrx_word' id='word_1_125' title='bbox 1015 3468 1044 3522; x_wconf 87' lang='lat' dir='ltr'>C.</span> <span class='ocrx_word' id='word_1_126' title='bbox 1059 3468 1211 3526; x_wconf 74' lang='lat' dir='ltr'>nonime.</span> 
     </span>
    </p>
   </div>
   <div class='ocr_carea' id='block_1_7' title="bbox 0 0 1510 5084">
    <p class='ocr_par' dir='ltr' id='par_1_7' title="bbox 0 0 1510 5084">
     <span class='ocr_line' id='line_1_23' title="bbox 0 0 1510 5084; baseline 0 0"><span class='ocrx_word' id='word_1_127' title='bbox 0 0 1510 5084; x_wconf 95' lang='lat' dir='ltr'> </span> 
     </span>
    </p>
   </div>
  </div>
 </body>
</html>
