3002 5084
792 426 864 502 ton

344 574 516 648 Gaeterum
542 573 717 649 aliirmare
742 595 814 648 non
843 572 965 646 dubito
986 573 1078 646 banc
1110 571 1153 646 de
1179 569 1370 645 nobilitate

295 696 458 786 satiram,
484 719 524 770 ex
550 719 619 793 qua
649 695 905 793 pulcherrimos
935 695 1000 768 hos
1032 716 1153 768 versus
1182 693 1371 791 excerpsi,

296 830 404 894 totam
428 843 504 896 esse
530 820 677 895 stoicam
700 830 734 894 et
759 842 799 894 ex
825 817 1003 893 altissimis
1026 818 1189 892 Porticus
1217 818 1372 914 dogma-

296 944 389 1019 tibus
417 946 586 1042 pendere‚
613 967 708 1042 quaa,
736 968 822 1018 vana
850 943 1037 1019 bominum
1063 944 1228 1041 opinione
1258 953 1371 1018 rcctae

295 1067 421 1141 rationi
440 1067 662 1164 posthabita,
673 1067 810 1141 nullum
829 1078 953 1165 praeter
969 1067 1133 1140 virtutem
1150 1065 1273 1140 statuit
1287 1089 1370 1140 esse

297 1191 446 1278 bonum,
464 1203 499 1266 et
515 1179 612 1266 nulla
630 1191 696 1266 nisi
715 1191 824 1265 animi
841 1189 932 1266 bona
946 1190 1019 1265 vult
1036 1212 1111 1265 esse
1127 1213 1190 1286 per
1208 1212 1246 1264 se
1259 1212 1370 1288 expe-

297 1313 410 1388 tenda.
429 1313 513 1388 Haec
527 1314 649 1389 eadem
666 1313 865 1389 luvenalis:

472 1507 542 1565 Tota
556 1507 621 1565 licet
633 1511 740 1565 vetares
752 1510 888 1564 exornent
902 1505 1022 1577 undique
1036 1518 1107 1561 cerae

473 1600 561 1670 Atria,
572 1599 702 1658 nobilitas
715 1600 774 1656 sola
789 1604 925 1671 astatque
937 1599 1019 1656 unica
1030 1599 1116 1654 virtus
1130 1595 1148 1652 ¹.

470 1788 560 1846 Prima
574 1787 638 1845 mihi
652 1787 737 1846 debes
750 1789 833 1846 animi
845 1790 928 1848 bona.
943 1791 1062 1846 sanctus
1074 1787 1183 1855 haberi,

376 1965 382 1976 1
472 1885 644 1957 Iustitiaque
657 1890 740 1943 tenax
751 1886 832 1944 iactis
847 1886 983 1958 dictisque
997 1883 1136 1944 mereris?

472 1981 599 2052 Agnosco
612 1996 754 2053 procerem
764 1981 784 2039 ².
1082 1991 1087 2002 ·

345 2143 436 2230 Quin
455 2143 577 2237 etiam,
600 2147 704 2221 satira
722 2147 780 2222 illa
800 2146 956 2235 decima,
975 2169 1052 2244 quae
1070 2147 1113 2220 dc
1130 2145 1217 2220 votis
1234 2143 1365 2219 inscri-

297 2268 412 2359 bitur,
438 2280 568 2368 atquae
587 2272 746 2345 omnium
768 2272 945 2346 luvenalis
971 2271 1157 2346 satirarum
1181 2271 1366 2367 perlectis·

297 2391 384 2465 sima
404 2403 438 2466 et
455 2392 712 2468 absolutissima
736 2393 902 2482 babetur,
922 2417 961 2468 ex
984 2393 1069 2467 loois
1093 2393 1364 2482 communibus,

297 2510 409 2608 iisque
432 2511 626 2602 dissolutis,
645 2523 804 2586 constare
823 2513 1003 2611 judicibus
1025 2513 1201 2611 plerisque
1221 2514 1291 2587 visa
1313 2524 1366 2587 est

297 2636 342 2710 ob
360 2636 394 2710 id
420 2637 681 2726 tantummodo,
706 2638 799 2734 quod
825 2639 1016 2713 stoicorum
1039 2639 1217 2735 quoddam
1242 2639 1365 2712 decre-

296 2764 373 2829 tum
401 2766 540 2854 poetam
565 2758 631 2832 sibi
660 2758 882 2854 proposuisse
910 2758 1155 2855 explicandum
1185 2779 1255 2830 non
1287 2757 1364 2830 ani·

297 2880 567 2953 madverterunt.
595 2879 668 2954 Nec
691 2881 898 2977 potentiam,
924 2905 989 2956 nec
1012 2882 1176 2977 gloriam,
1201 2903 1266 2955 nec
1290 2881 1364 2954 elo·
1483 2915 1484 2990 ἦ

298 3001 494 3098 quantiam,
519 3024 584 3075 nec
601 3002 922 3098 pulchritudinem,
947 3026 1011 3077 neo
1035 3003 1228 3098 longiorem
1255 3001 1362 3076 vitam
1483 2991 1484 3002 ¹

295 3144 374 3196 vera
392 3134 553 3196 numerat
570 3123 661 3195 inter
676 3123 786 3208 bona,
808 3123 888 3218 quia
906 3122 981 3195 fieri
994 3131 1106 3218 potest
1119 3132 1158 3195 ut
1169 3122 1362 3219 possidenti

295 3239 388 3315 male
415 3241 550 3315 cedant.
582 3240 700 3314 Virtus
730 3263 785 3314 res
812 3250 864 3314 est
885 3241 955 3315 sola
984 3241 1158 3337 adquam
1186 3227 1260 3315 sirie
1288 3242 1361 3315 ullo

295 3376 391 3439 metu
410 3375 444 3438 et
463 3375 630 3462 tanquam
646 3365 690 3439 ad
716 3388 922 3463 supremum
946 3366 1052 3438 finem
1072 3365 1212 3439 tendere
1237 3365 1360 3457 liceat;

296 3488 363 3562 alia
388 3488 506 3562 omnia
540 3490 724 3564 commoda
753 3489 868 3586 potius
900 3513 1006 3585 quam
1031 3489 1122 3565 bona
1148 3490 1360 3566 nominanda

295 3619 389 3682 sunt.
407 3606 489 3680 Haec
509 3609 698 3698 sententia,
717 3609 745 3682 si
764 3633 832 3704 qua
851 3632 1008 3706 unquam
1027 3609 1108 3698 luit,
1128 3609 1235 3684 stoica
1255 3610 1360 3684 dissi-

294 3737 412 3824 patas,
446 3727 559 3824 prima
586 3728 720 3823 specie,
748 3727 853 3825 hujus
880 3728 994 3806 satirae
1019 3738 1134 3825 partes
1161 3727 1302 3825 colligat
1328 3741 1362 3802 et

332 3945 340 3983 ¹
351 3963 364 4001 u
375 3949 448 4020 Quis
460 3961 529 4019 erqo
536 3945 709 4018 pecorosus?
722 3947 766 4005 cd
777 3951 909 4006 virtatem
921 3948 987 4006 bene
999 3964 1019 4007 a
1032 3956 1145 4008 acturo
1156 3953 1359 4022 compositust

295 4039 371 4113 (sen.
385 4044 449 4113 Ep,
463 4038 520 4113 ii.)

336 4133 414 4192 ²luv.
428 4138 501 4205 Sat,
516 4135 588 4207 Vlll,
602 4149 627 4191 v.
644 4139 685 4191 ta.
