3042 5086
195 645 272 719 Hoo
290 654 522 743 praeceptum,
545 646 587 718 ad
606 647 741 718 unimus
760 645 965 721 mulcendos
984 646 1089 720 simul
1108 659 1141 721 et
1158 669 1214 722 so·

141 762 269 838 landos
288 765 477 854 idoneum,
502 787 542 839 ex
570 765 636 839 isto
668 764 755 840 tristi
781 765 919 840 decreto
946 777 1021 840 erat
1046 766 1213 862 colligen-

141 887 243 962 dum.
257 886 345 962 Dein
360 887 586 984 sibimetipsi,
601 889 661 964 ubi
675 888 835 964 locorum
851 899 928 986 post
943 897 1090 962 mortem
1106 889 1214 963 futuri

141 1009 257 1085 simus
276 1011 463 1107 querenti,
482 1010 537 1084 his
555 1009 833 1106 significantibus
850 1010 1039 1109 respondet
1056 1009 1187 1085 verbis:

252 1168 824 1242 Qmmmffimmmmm

249 1267 576 1337 mmmmmm

191 1393 326 1484 Nemo,
356 1406 396 1471 ut
424 1396 567 1495 opinor,
595 1397 663 1472 nisi
690 1396 875 1471 Lueretius
904 1393 1032 1484 Carus,
1059 1393 1213 1492 philoso-

144 1515 258 1614 phicae
276 1539 421 1614 poeseos
436 1540 494 1592 rex
517 1528 551 1592 et
575 1517 735 1606 antistes
753 1515 985 1590 audacissimo
1005 1515 1071 1588 hoe
1086 1514 1213 1588 irreve-

146 1640 255 1715 rentia
285 1639 491 1738 religionem
521 1639 586 1716 suit
615 1662 820 1739 aggressus,
852 1661 918 1714 nee
950 1648 1042 1712 tanto
1072 1637 1213 1712 dicendi

131 1758 323 1840 „divinitate
338 1759 490 1834 nihilum
509 1760 705 1836 celebravit.
723 1762 818 1836 Adeo
832 1759 950 1834 miseri
966 1759 1108 1833 illorum
1123 1769 1212 1834 tem-

143 1905 273 1981 porum
290 1882 452 1958 homines
479 1885 592 1958 vivere
621 1883 759 1980 longius
787 1882 995 1957 horrebant!
1019 1880 1115 1956 Adeo
1142 1892 1211 1957 ter-

142 2005 264 2080 restris
281 2005 350 2080 vite
369 2005 518 2081 coelestis
537 2006 642 2080 etiam
659 2006 737 2080 vitoe
755 2005 804 2080 eis
821 2005 964 2080 taedium
984 2003 1159 2078 attulerat!

191 2125 256 2200 His
274 2125 415 2200 Seneoae
429 2125 607 2215 versibus,
622 2125 751 2222 quibus
764 2125 882 2200 omnia
900 2124 936 2198 in
956 2123 1057 2199 nobis
1075 2130 1209 2197 mortn-

141 2246 187 2321 lia
214 2247 406 2322 etcaduca
435 2271 510 2323 esse
535 2249 748 2337 declaretur,
762 2249 836 2345 jorn
864 2247 964 2321 toties
991 2245 1120 2320 laudati
1139 2245 1210 2318 Ma·
1258 2325 1261 2328 ,
1380 2351 1384 2360 .

142 2369 220 2443 nilii
252 2393 374 2445 versus
405 2393 581 2470 opponere
614 2371 717 2458 lieet,
750 2393 789 2445 ex
824 2369 952 2467 quibus
985 2366 1211 2465 consequitur

143 2509 209 2563 nos
228 2488 385 2564 divinum
405 2489 572 2587 quiddam
591 2500 625 2565 et
642 2499 813 2564 oeternum
831 2488 971 2564 habere.
990 2490 1030 2563 ln
1048 2502 1209 2563 nostrum

144 2611 240 2686 enim
255 2634 469 2710 unoquoque
492 2635 618 2710 parvus
643 2612 903 2709 quodammodo
929 2612 1019 2686 inest
1036 2611 1209 2701 mundus;

143 2743 193 2823 et,
213 2735 514 2831 quemadmodum
531 2735 687 2809 mundus
704 2735 762 2810 itte
776 2753 943 2832 magnus·
958 2734 1018 2832 qui
1034 2746 1113 2809 ante
1128 2758 1210 2809 ocu·

143 2855 195 2930 los
211 2857 434 2947 obversatur,
453 2857 590 2932 duabus
608 2881 627 2932 e
651 2857 757 2933 rebus
776 2867 928 2947 constat,
954 2880 1103 2954 quarum
1119 2881 1210 2946 uno,

143 3001 223 3075 quoe
240 2978 307 3068 vis,
322 2987 383 3053 aut
401 3001 523 3068 cansa,
542 2991 603 3054 aut
619 3001 719 3054 mens
738 2981 956 3068 nominatur,
972 2979 1090 3052 omnia
1104 2979 1212 3053 estioit

144 3107 177 3171 et
189 3109 321 3189 movet,
338 3098 445 3174 altere
463 3108 600 3190 autern,
624 3123 702 3196 quoe
717 3098 845 3174 dieitur
863 3099 1026 3188 materia,
1042 3097 1125 3173 hnic
1140 3098 1211 3172 sor·

144 3223 444 3322 mandasubjeeta
471 3235 538 3314 est3
566 3224 616 3297 sio
644 3223 679 3295 in
709 3245 812 3320 parvo
841 3223 908 3295 hoo
932 3220 1085 3309 mundo,
1102 3243 1207 3317 quem

145 3342 332 3419 nobiseum
349 3343 521 3441 gerimuS,
534 3344 625 3417 inter
640 3365 676 3417 se
693 3342 904 3439 copulantur
922 3340 1031 3415 moles
1050 3340 1210 3437 quaedom

143 3465 237 3540 iners
252 3475 286 3540 et
309 3465 478 3564 insipiens
501 3477 535 3541 et
556 3489 655 3541 mens
673 3465 781 3539 vivida
801 3475 836 3538 et
853 3487 975 3561 sagax,
994 3463 1152 3538 universe
1172 3487 1210 3539 ox

144 3594 263 3659 mente
281 3585 447 3671 delibata,
467 3586 510 3660 nd
528 3609 675 3683 eamque
693 3585 804 3660 serius
831 3584 928 3658 ocius
955 3583 1120 3658 redituro.
1141 3583 1207 3657 Sed

144 3704 220 3779 tneo
236 3705 310 3803 ipse
327 3715 419 3781 vates
444 3705 544 3780 nobis
562 3708 673 3781 multo
692 3706 866 3804 copiosius
885 3715 918 3780 et
932 3705 1126 3804 jucundius
1151 3728 1206 3776 ex-

144 3830 308 3929 plicabit:

250 3979 1030 4051 mfflmffimmmmmmmmw

249 4070 969 4145 mwmwfflmmwmmfflffl

181 4245 188 4282 ¹
203 4247 276 4305 Man.
294 4250 381 4318 Astu,
396 4245 413 4302 l.
427 4245 468 4311 lV,
484 4260 507 4302 v.
523 4248 583 4302 884.
