3002 5084
761 471 832 543 lla

317 614 363 689 Ut
380 611 543 688 Manilius
561 633 631 686 non
650 622 725 686 erat
749 611 887 706 ingenio
905 633 987 684 cum
1005 611 1166 686 Lucretio
1188 633 1344 708 compa-

269 738 417 826 randus,
431 737 477 810 ita
492 757 565 810 rem
577 745 709 809 tantam
724 757 795 810 nou
807 733 873 809 sihi
888 745 1126 833 proposuerat.
1143 733 1220 808 Non
1237 735 1343 818 euim

270 860 387 937 omnia
406 881 484 960 quae
501 859 545 932 ad
560 880 678 932 rerum
694 867 856 932 naturam
871 873 906 932 et
923 858 967 932 ad
981 857 1167 932 hominum
1185 856 1344 932 societa-

267 992 339 1058 tem
360 989 534 1079 spectaui,
553 979 741 1053 stoicorum
761 1001 876 1068 more,
900 978 1076 1068 tractavit,
1095 1001 1159 1052 uec
1178 978 1344 1052 immen-

271 1127 349 1179 sum
373 1103 550 1201 quoddam
575 1125 680 1201 opus,
706 1102 871 1177 omnibus
896 1102 1053 1201 partibus
1077 1112 1156 1199 apte
1179 1101 1278 1177 iuter
1306 1125 1346 1176 se

271 1224 452 1314 connexis,
481 1223 681 1316 aedificavit3
710 1223 768 1296 sed
804 1223 1017 1318 singularem
1046 1223 1238 1320 quamdam
1272 1222 1346 1298 sibi

270 1347 421 1446 sumpsit
439 1346 636 1439 scientiam,
656 1369 743 1444 qua,
761 1345 852 1420 velut
868 1346 1029 1435 materia,
1049 1346 1091 1419 ed
1109 1367 1234 1443 poema
1257 1367 1346 1420 oon·

271 1471 443 1561 dendum,
471 1480 646 1560 uteretur,
674 1480 708 1545 et
734 1470 879 1544 stoicam
908 1469 1168 1568 philosophiam
1195 1478 1345 1543 tantum

272 1594 384 1668 obiter
406 1594 536 1690 attigit,
562 1595 608 1667 ita
634 1603 674 1668 ut
694 1593 789 1690 quod
815 1603 1061 1690 argumentum
1088 1592 1195 1666 totius
1217 1591 1344 1690 operis

271 1715 377 1790 luisse
393 1713 514 1806 velim,
532 1715 566 1787 id
583 1714 806 1813 potissimum
829 1714 875 1788 sit
896 1726 989 1788 extra
1004 1736 1093 1811 opus
1111 1713 1291 1811 positum,
1308 1718 1344 1784 et

271 1834 392 1927 ineis,
418 1859 505 1934 quas
523 1834 673 1910 ecbaseis
695 1844 834 1925 vocant,
860 1833 1078 1910 conclusum.
1101 1832 1188 1908 Vere
1214 1841 1343 1906 autem

271 1959 360 2032 mihi
375 1957 493 2034 videor
509 1981 584 2032 esse
602 1958 777 2046 dicturus,
797 1957 825 2030 si
849 1957 1081 2047 affirmavero,
1106 1965 1141 2031 et
1163 1952 1340 2053 prooemia

271 2080 552 2179 uuiuscujusque
571 2081 669 2170 libri,
688 2091 723 2155 et
749 2081 811 2154 has
837 2081 1008 2168 ecbaseis‚
1036 2081 1071 2154 in
1097 2079 1225 2177 quibus
1252 2077 1341 2152 stoi·

273 2207 378 2281 cissat
398 2206 578 2297 Manilius,
600 2206 764 2282 omnibus
782 2206 859 2280 aliis
884 2230 962 2304 quae
987 2207 1127 2305 scripsit
1148 2229 1224 2282 esse
1246 2226 1340 2304 prae-

272 2329 449 2404 stantiora.
469 2329 576 2429 Cujus
591 2331 640 2406 rei
659 2331 869 2430 locupletem
887 2331 998 2406 habeo
1013 2341 1137 2407 testem
1153 2331 1339 2407 hominem

273 2449 515 2524 doctissimum
531 2461 565 2524 et
581 2451 652 2526 sere
666 2451 850 2526 doctorum
867 2452 1080 2550 principem,
1097 2452 1168 2528 Jos.
1183 2451 1340 2548 Scalige-

274 2597 371 2647 rum:
389 2574 612 2671 «Imprimis,
630 2575 762 2672 inquit,
779 2575 896 2650 omnia
912 2576 986 2673 ejus
1004 2576 1170 2673 prooemia
1188 2585 1223 2650 et
1237 2605 1337 2681 παρ·

1485 303 1486 312 r

1391 386 1397 393 a
1403 389 1405 400 :
1485 389 1486 470 p

272 2695 555 2794 andrinopolim
584 2717 726 2770 omnem
752 2695 864 2772 aleam
887 2697 998 2794 posita
1026 2707 1119 2772 sunt.
1145 2695 1242 2771 Nihil
1265 2694 1338 2769 illis
1384 2749 1387 2754 .
1485 2697 1486 2762 i

274 2819 443 2910 divinius,
472 2819 559 2892 nihil
591 2819 783 2917 copiosiuS,
813 2821 951 2916 gravius
981 2831 1016 2895 et
1041 2820 1234 2918 jucundius
1267 2818 1338 2893 dici

274 2953 429 3040 potest.»
460 2941 526 3015 Sed
545 2951 705 3038 praestat,
727 2954 767 3015 ut
790 2941 884 3016 idem
907 2943 990 3016 dixit
1011 2943 1177 3040 scriptor,
1196 2965 1234 3016 ex
1261 2943 1337 3040 ipso

274 3062 409 3158 potine,
427 3085 534 3159 quam
551 3085 589 3136 ex
609 3071 725 3136 nostra
744 3062 990 3161 predicatione
1016 3063 1084 3138 hoc
1102 3063 1245 3138 discere.
1265 3061 1337 3136 Au·

276 3183 414 3258 diamus
432 3184 538 3281 igitur
556 3185 688 3260 olorem
708 3197 909 3259 canentem:

382 3415 506 3472 Carmine
522 3416 628 3472 divinas
640 3420 730 3488 artes,
743 3420 770 3472 et
783 3417 895 3472 conscia
908 3415 956 3473 lati

381 3512 475 3568 Sidera
490 3512 614 3569 diversos
628 3514 767 3569 homiuum
780 3513 912 3569 variantia
926 3526 1023 3584 casus,

382 3611 510 3667 Coelestis
523 3613 638 3668 rationis
651 3625 736 3683 opus,
750 3611 887 3668 deducere
899 3611 1002 3669 mundo

382 3706 547 3778 Aggredior,
564 3708 724 3779 primusque
737 3708 815 3764 novis
829 3709 960 3765 Helicona
973 3721 1081 3766 movere

279 3881 282 3888 Ι
383 3803 533 3870 Cantibus,
547 3808 575 3860 et
587 3804 665 3860 viridi
680 3811 810 3863 nutantes
822 3806 923 3863 vertice
940 3805 1036 3875 silvas,

382 3900 498 3970 Hospita
511 3913 589 3957 sacra
602 3899 707 3974 ferens,
723 3903 791 3959 nulli
805 3907 953 3960 memorata
965 3903 1086 3974 priorum
1101 3902 1118 3959 ¹.

315 4223 321 4259 ¹
336 4224 408 4282 Mali.
424 4226 514 4296 Aur,
528 4225 546 4280 Ι,
560 4226 583 4296 l,
597 4239 621 4280 v.
638 4231 661 4282 l.
