3002 5084
807 523 878 598 l28

316 673 472 762 luerunt3
488 671 567 761 sed,
587 671 712 746 iisdem
726 673 761 745 in
779 672 917 760 tabulis,
938 692 1095 769 personae
1110 680 1199 744 sunt
1212 669 1309 759 aliae,
1324 667 1388 742 De-

310 793 460 892 janiram
477 794 813 884 dicoetHerculem',
831 793 1019 892 dequibus
1038 793 1138 888 louge
1150 792 1260 866 aliter
1278 791 1390 865 existi-

312 916 482 992 mandum
504 929 575 993 est:
599 918 658 993 illa
674 919 787 1008 euim,
805 929 990 1017 postquam
1010 918 1155 1014 grandia
1180 916 1303 991 locuta
1322 925 1390 1004 est,

312 1039 534 1138 semetipsam
550 1040 697 1130 occidit;
720 1040 778 1114 bic
799 1051 914 1114 autem
934 1040 1079 1139 jamjam
1107 1039 1311 1112 moriturus
1328 1037 1389 1110 lxo-

311 1173 383 1236 tam
398 1173 433 1236 et
446 1161 646 1236 simulatam
662 1171 813 1236 ostentat
830 1161 1072 1236 constantiam.
1100 1167 1148 1234 De
1170 1161 1294 1258 priore
1311 1181 1389 1257 per-

311 1304 395 1355 sona
419 1305 496 1378 quae
527 1283 757 1380 respondeam
776 1283 850 1381 jam
877 1283 913 1356 in
943 1293 1107 1380 promptu
1138 1282 1270 1356 babeo.
1302 1280 1388 1354 Cum

311 1406 405 1479 enim
423 1406 597 1504 DeJauira,
616 1405 653 1478 in
677 1407 842 1502 tragoedia
871 1406 1071 1504 Sophoclis,
1092 1406 1209 1480 multo
1235 1405 1390 1502 aequiore

312 1527 430 1600 animo
458 1539 492 1602 et
520 1528 574 1602 sui
605 1529 799 1626 potentiore
826 1551 933 1626 quam
966 1528 1041 1602 baec
1071 1540 1189 1602 uostra
1226 1526 1388 1626 Dejanira

313 1648 435 1737 luerit,
462 1660 551 1723 etse
576 1672 715 1746 quoque
738 1650 925 1740 occiderit,
948 1651 976 1723 si
1001 1651 1076 1725 haec
1102 1652 1212 1725 stoica
1241 1647 1389 1724 dicenda

313 1766 382 1856 sit,
409 1789 480 1842 uon
502 1767 601 1842 video
627 1792 691 1842 cur
707 1768 766 1842 illa
791 1790 932 1866 quoque
947 1769 1042 1866 gregi
1064 1769 1216 1843 Zenonis
1238 1791 1309 1842 non
1334 1765 1390 1840 ad-

313 1891 536 1966 scriberetur.
563 1892 662 1978 Quod
686 1893 731 1966 ad
745 1893 934 1968 Herculem
954 1895 1093 1984 attinet,
1121 1919 1204 1969 eum
1233 1914 1384 1991 nequeo

316 2017 491 2108 lacrimis,
519 2041 632 2114 neque
665 2042 684 2092 a
715 2019 897 2114 questibus
933 2029 1033 2092 antea
1063 2019 1281 2093 abstinuisse
1313 2015 1388 2113 quis

313 2141 476 2240 ignorat?
496 2144 685 2232 Praeterea,
706 2143 735 2216 si
755 2144 914 2241 placidus
932 2145 1008 2241 ipso
1034 2144 1067 2216 iu
1089 2167 1171 2240 rogo
1195 2163 1386 2237 consump-

312 2275 369 2338 tus
394 2274 462 2353 est3
489 2265 557 2340 boc
583 2265 661 2340 ideo
691 2265 804 2364 potuit
829 2265 925 2357 fieri,
950 2267 1044 2362 quod
1068 2267 1140 2363 jam
1163 2267 1238 2342 lere
1266 2284 1385 2339 omnes

315 2389 491 2462 humanos
522 2411 646 2464 sensus
676 2400 837 2480 exuerat,
867 2400 901 2462 et
934 2412 1021 2486 pene
1053 2389 1199 2462 omuino
1235 2393 1387 2462 evaserat

316 2511 412 2585 deus.

364 2631 431 2706 Hic
458 2607 547 2707 mibi
575 2634 760 2733 quisquam
787 2635 945 2709 nominat
969 2634 1194 2732 Astyanacta,
1220 2649 1382 2728 magnam

315 2751 477 2828 Porticus
508 2774 626 2848 spem,
657 2765 696 2826 ut
717 2753 831 2850 lepide
862 2752 994 2827 dietum
1015 2755 1098 2842 estl,
1116 2753 1145 2824 si
1170 2753 1238 2826 sata
1266 2766 1382 2846 aspera

316 2877 500 2965 tulissent,
519 2886 552 2949 et
569 2876 778 2974 Polyxenam
801 2876 897 2950 illam
917 2899 994 2973 quae
1009 2885 1105 2949 tanto
1128 2876 1263 2972 impetu
1283 2866 1382 2945 morti

318 2995 483 3070 occurrit.
509 2993 649 3079 Quoties
668 2996 761 3070 euim
782 3005 904 3069 utrum
922 2995 1084 3068 Porticus
1102 2993 1226 3067 litteris
1246 2985 1383 3066 utilitati

318 3119 424 3192 luerit
437 3141 567 3206 necne,
585 3118 770 3213 quaesitum
790 3129 858 3205 est,
881 3117 982 3191 toties
1000 3116 1054 3189 bae
1076 3116 1154 3189 duae
1173 3135 1331 3210 personae
1348 3117 1385 3182 ut

318 3239 516 3312 vinceretur
533 3260 610 3311 eam
634 3238 791 3311 scholam
816 3238 989 3312 funestam
1014 3235 1119 3309 luisse
1138 3234 1293 3309 inductae
1311 3232 1382 3303 sue-

318 3371 410 3434 runt.
443 3359 526 3444 Quae
553 3371 757 3456 argumenta
788 3360 972 3456 diligenter
999 3359 1255 3456 expendamus,
1284 3365 1318 3428 et
1346 3371 1381 3424 ea

321 3493 440 3554 utrum
458 3482 595 3577 magni,
617 3505 659 3555 au
679 3483 774 3579 parvi
793 3482 962 3556 momenti
980 3481 1128 3570 luerint,
1151 3480 1194 3553 ad
1215 3501 1293 3554 eam
1311 3492 1379 3548 rem

319 3601 361 3675 de
378 3625 443 3697 qua
464 3601 644 3697 loquimur
663 3602 941 3701 dijudicandam,
958 3602 1146 3677 videamus.

368 3725 529 3800 Primum
549 3727 721 3825 Astyanax
739 3739 773 3803 et
792 3729 965 3826 Polyxena
990 3751 1059 3802 non
1086 3727 1172 3801 mihi
1189 3719 1379 3823 germanis-

319 3845 401 3919 simi
420 3845 582 3920 videmur
603 3870 678 3922 esse
694 3847 803 3924 stoici.
820 3849 936 3935 Quum
952 3849 1047 3923 enim
1069 3847 1128 3922 ille
1149 3870 1288 3945 semper
1301 3840 1380 3917 alias

319 3969 417 4059 silet,
437 3971 504 4044 hoc
526 3970 558 4044 ei
582 3980 719 4045 tantum
737 3971 865 4047 alieubi
884 3972 1029 4047 verbum
1044 3970 1189 4061 excidit,
1212 3971 1296 4044 dum
1319 3975 1381 4038 tre·

359 4240 365 4267 ¹
379 4243 417 4300 lt.
431 4240 540 4300 Nisard.
560 4224 668 4297 Etudes
681 4257 734 4296 sur
747 4240 786 4296 tes
797 4242 893 4312 poetes
909 4241 999 4298 lottar
1013 4237 1049 4297 de
1060 4238 1093 4298 lc
1107 4238 1279 4311 dmactence,
1292 4240 1311 4293 t.
1325 4230 1364 4290 1⁸¹·
