3042 5086
813 537 861 610 28

305 690 427 778 babet,
450 690 694 786 magnanimos
720 689 810 764 viros
834 688 877 763 de
902 687 1006 762 rebus
1032 686 1143 782 magis
1170 686 1371 761 laborantes

304 831 410 906 quam
436 811 478 884 de
505 809 638 899 verbiS,
666 820 700 884 et
725 807 883 907 quamvis
911 829 1015 907 parva
1042 828 1114 880 non
1141 805 1285 881 omnino
1307 807 1371 879 de-

305 933 512 1030 dignentur,
535 955 575 1008 ea
600 944 718 1009 tamen
748 931 940 1032 majoribus
965 931 1129 1031 anteponi
1153 930 1295 1027 indigno
1317 933 1370 1005 le-

303 1062 430 1127 rentes.

353 1176 455 1262 Quod
474 1175 581 1274 igitur
595 1177 796 1253 christianis
822 1175 1065 1265 concedimus,
1082 1174 1118 1248 id
1145 1173 1262 1249 stoicis
1287 1193 1372 1248 con-

306 1301 475 1376 cedamus
494 1324 637 1394 censeo,
659 1303 810 1377 maxime
828 1324 910 1376 cum
929 1301 1012 1375 satis
1031 1310 1195 1398 appareat
1212 1321 1231 1373 e
1248 1298 1371 1373 multis

305 1446 427 1499 eorum
447 1425 587 1524 scriptis
605 1447 683 1523 quae
700 1449 780 1501 vera
806 1424 910 1499 luerit
927 1424 1085 1520 ipsorum
1103 1422 1284 1496 sententia.
1304 1421 1368 1494 Se-

305 1571 408 1636 neca,
436 1549 536 1645 cujus
563 1567 667 1624 uerno
694 1571 776 1624 saue
806 1547 1048 1623 testimonium
1078 1545 1269 1634 recusabit,
1296 1569 1368 1620 non

303 1666 419 1741 solum
438 1667 576 1742 nullum
591 1668 722 1766 profert
737 1678 971 1767 praeceptum,
986 1688 1056 1763 quo
1075 1666 1193 1742 stoicis
1207 1664 1373 1762 eloquen-

302 1790 349 1864 tia
367 1790 615 1880 interdicatur,
638 1791 698 1866 sed
723 1813 783 1865 eos
801 1790 852 1865 sic
865 1789 966 1888 jubet
990 1789 1107 1886 loqui,
1124 1799 1165 1864 ut
1188 1788 1370 1863 audientes

302 1914 438 1989 virtutis
454 1913 570 1989 studio
586 1915 748 1990 incensos
761 1913 955 1989 dimittant:
975 1913 1108 2013 «Rapit
1125 1913 1221 2003 illos,
1238 1912 1369 2009 inquit,

302 2036 516 2134 instigatque
547 2060 667 2113 rerum
695 2036 942 2136 pulchritudo,
973 2057 1044 2111 non
1076 2034 1262 2111 verborum
1291 2036 1368 2109 ina-

304 2155 403 2230 nium
431 2157 629 2231 sonitus¹.u
661 2157 744 2232 Haeo
773 2167 825 2231 est
856 2179 980 2254 magua
1009 2156 1067 2230 illa
1096 2166 1131 2231 et
1156 2156 1270 2230 divina
1297 2156 1370 2230 olo-

304 2277 463 2375 quentia,
480 2300 558 2374 quae
576 2297 648 2352 non
666 2278 709 2351 ad
727 2276 922 2368 dicentem,
942 2277 1003 2350 sed
1021 2277 1066 2350 ad
1088 2277 1180 2350 dictu
1202 2277 1371 2352 convertit
1458 2261 1470 2274 ⁶

304 2401 456 2491 animos,
475 2413 509 2477 et
535 2423 614 2499 quae
638 2424 801 2478 romanas
827 2401 975 2492 litteraS,
1000 2399 1127 2500 puerili
1151 2401 1318 2499 jactantia
1336 2411 1371 2474 et

303 2521 450 2596 ridicula
469 2522 619 2596 vanitate
637 2522 782 2597 allliotas
801 2546 841 2597 ac
858 2523 1031 2621 jacenteS,
1050 2523 1118 2598 nisi
1134 2523 1170 2596 id
1195 2523 1368 2597 humanas

305 2643 535 2740 superavisset
547 2643 656 2732 vires,
670 2641 743 2716 sola
761 2665 919 2718 recreare
934 2651 968 2716 et
984 2643 1112 2718 iterum
1126 2644 1293 2718 suscitare
1309 2664 1369 2740 po-

305 2761 439 2835 tuisset.
458 2761 554 2835 Nihil
572 2762 666 2836 enim
684 2773 761 2836 tum
778 2762 891 2858 magis
908 2762 1017 2838 deluit
1030 2785 1186 2838 romanae
1202 2763 1368 2860 eloquen-

306 2884 361 2957 tiae
376 2906 482 2980 quam
498 2884 652 2959 studiosa
669 2907 787 2959 rerum
802 2908 886 2959 cura
900 2894 935 2960 et
948 2886 1262 2961 uohileverborum
1276 2885 1371 2959 lasti-

306 3006 415 3080 dium.
443 3005 566 3081 Orator
594 3009 837 3104 unusquisque
863 3009 979 3107 potius
1006 3009 1073 3084 sibi
1098 3010 1242 3108 plausus
1261 3031 1369 3106 quarn

304 3128 418 3203 verbis
436 3129 542 3204 fidem
561 3129 813 3228 aucupabatur.
833 3128 934 3206 Unde
947 3130 1052 3228 lepidi
1067 3130 1105 3204 hi
1123 3129 1279 3206 Persiaui
1293 3153 1370 3204 ver-

303 3269 383 3324 sus:
809 3279 814 3286 ·

408 3493 490 3552 Nilne
504 3493 590 3564 pudet
603 3493 686 3564 capiti
700 3507 755 3550 non
769 3508 852 3565 posse
865 3495 987 3565 pericula
1002 3508 1077 3552 cano.

412 3588 531 3659 Pellere,
546 3589 612 3660 quin
627 3590 748 3661 tepidum
761 3590 814 3647 boc
827 3596 907 3662 optes
920 3591 1030 3648 audire:
1043 3588 1196 3648 Decenter?
1225 3664 1229 3673 Ι

410 3687 522 3756 Fures,
537 3686 576 3742 ait
588 3685 679 3743 Pedio.
694 3686 794 3742 Pedius
808 3685 892 3757 quid?
905 3687 1023 3743 Crimina
1033 3689 1105 3744 rasis

410 3778 502 3835 Librat
516 3779 543 3835 in
559 3780 716 3836 antithetis:
731 3779 828 3836 doctas
840 3779 967 3850 posuisse
980 3779 1082 3850 figuras

410 3875 565 3932 Laudatur:
580 3876 682 3934 bellum
695 3873 762 3933 boc!
776 3875 829 3933 boc
842 3876 945 3933 bellum
957 3874 979 3931 ²!

341 4153 349 4190 ¹
365 4155 429 4210 Seu.
445 4156 499 4226 Ep.
514 4157 576 4211 tos.

341 4248 353 4285 ²
365 4250 493 4318 Persius,
506 4252 568 4311 Sat.
582 4255 610 4317 t,
623 4265 648 4307 v.
663 4255 706 4309 83.
