3042 5086
694 463 736 538 71

179 605 248 680 suit
262 605 374 704 poetis
392 605 501 680 stoica
517 604 720 704 disciplina,
738 618 912 707 quantum
925 609 1042 685 stoicae
1059 610 1252 712 disciplinae

180 736 297 826 poetae
316 725 513 802 doluerunt.
538 725 580 802 ln
606 749 661 801 res
688 727 783 803 enirn
809 751 828 803 a
859 730 1041 804 communi
1065 731 1251 808 hominum

183 861 290 948 captu
306 849 512 925 remotiores
529 849 635 926 nimis
665 851 814 944 sortasse,
832 850 1088 946 incubuerunt,
1111 878 1252 933 neceas

181 973 361 1073 praeclaris
379 973 640 1050 illustraverunt
662 976 848 1075 exemplis,
867 977 914 1052 ita
936 987 1115 1054 uteorum
1133 1002 1252 1056 versus

182 1098 303 1174 minus
326 1098 498 1177 moverint
516 1098 652 1175 animos
670 1122 777 1197 quam
795 1101 972 1178 Ciceronis
994 1102 1108 1180 solnta
1126 1105 1253 1198 oratio,

182 1219 226 1295 de
249 1243 319 1317 qua
334 1219 517 1310 Erasmus,
536 1219 647 1296 stoico
665 1220 725 1295 illo
743 1221 794 1296 De
812 1221 949 1320 Officiis
966 1221 1055 1299 libro
1082 1224 1253 1324 perlecto,

182 1340 322 1436 egregie
341 1339 441 1414 dixit:
464 1339 551 1414 «Sic
575 1362 631 1414 me
649 1350 763 1416 totum
790 1341 1021 1418 inflammavit
1047 1344 1091 1418 ad
1113 1344 1252 1421 honesti

181 1462 390 1561 virtutisque
408 1462 583 1555 studium,
602 1473 640 1538 ut
660 1463 873 1563 jampridem
892 1464 941 1538 nil
971 1463 1037 1541 tale
1062 1468 1254 1562 senserim,
1276 1555 1278 1561 ,

186 1595 357 1661 nostrates
376 1583 547 1682 quosdam
578 1585 772 1661 neotericos
802 1586 920 1684 legens
948 1587 1028 1686 qui,
1052 1589 1252 1682 christiani,

187 1710 384 1788 christianae
403 1710 633 1809 philosophiae
648 1711 809 1811 mysteria
829 1713 1080 1811 profitentur.»

232 1835 273 1909 ln
297 1843 480 1933 poetarum
509 1855 738 1909 romanorum
764 1834 980 1910 carminibus
1007 1835 1178 1934 plurimos
1202 1847 1254 1912 ta·

183 1977 268 2032 men
286 1954 381 2030 locos
408 1954 561 2053 reperias
589 1956 736 2031 stoicam
760 1955 984 2056 disciplinam
1002 1957 1148 2055 ejusque
1166 1981 1255 2058 prae·

184 2091 287 2181 cepta
299 2078 511 2169 redolenteS,
526 2079 587 2177 qui
602 2079 776 2176 legentem
791 2102 1002 2179 magnopere
1018 2078 1253 2156 delectabunt.

184 2204 262 2292 Quo
279 2203 316 2276 in
336 2223 484 2277 numero
503 2201 708 2300 ponendum
726 2210 795 2292 est,
814 2200 850 2276 ni
878 2201 997 2290 iallor,
1020 2200 1193 2300 quidquid
1211 2203 1254 2278 de

183 2323 289 2398 uariis
307 2321 492 2398 hominum
516 2322 639 2398 officiis
657 2320 875 2398 subobscure
902 2321 1063 2420 quidem,
1082 2323 1143 2397 sed
1168 2345 1254 2399 con-

186 2444 257 2520 cise
274 2467 316 2519 ac
333 2465 452 2543 presse
468 2441 611 2518 Persius
633 2441 781 2540 scripsit.
801 2440 959 2518 Eximius
976 2441 1035 2517 hic
1059 2452 1160 2541 poeta
1183 2465 1254 2520 non

185 2564 324 2639 minuta
358 2572 496 2638 tentum
526 2572 560 2639 et
591 2561 691 2658 quasi
723 2560 890 2639 dissoluta
922 2572 1096 2663 praecepta
1127 2561 1254 2652 edidit,

186 2683 284 2760 nullo
299 2683 439 2759 vinculo
457 2683 548 2757 inter
573 2705 610 2758 se
636 2683 824 2782 conjuncta
846 2695 881 2760 et
898 2683 986 2760 nulli
1010 2685 1149 2760 decreto
1168 2683 1254 2761 sub-

182 2811 291 2908 jecta;
310 2808 428 2884 omnia
447 2817 565 2883 autem
581 2830 658 2905 quae
673 2810 838 2907 praecepit
850 2810 999 2885 tendunt
1012 2810 1056 2885 ad
1070 2833 1146 2886 rom
1161 2833 1254 2886 eam·

187 2933 285 3025 dem,
301 2932 344 3008 de
362 2954 431 3030 qua
454 2951 536 3007 suos
556 2954 738 3027 nunquam
763 2930 882 3030 dejicit
904 2932 1037 3007 oculos.
1062 2932 1182 3030 ltaque
1196 2933 1256 3031 ju·

112 3093 118 3100 ·
187 3078 312 3132 venem
335 3054 396 3152 qui
419 3065 548 3128 temere
575 3062 610 3128 et
636 3051 711 3126 sine
739 3053 917 3150 proposito
942 3062 1078 3128 aetatem
1106 3055 1196 3151 agit,
1222 3067 1257 3132 et

188 3177 290 3277 cujus
307 3177 374 3251 vita
389 3186 460 3251 toto
475 3173 601 3249 ordine
618 3172 852 3263 disconvenit,
870 3173 938 3248 hoc
956 3174 1061 3250 modo
1076 3175 1253 3276 increpat:

296 3401 344 3460 list
356 3399 461 3473 aliquid
475 3411 529 3471 quo
544 3398 636 3456 tendis
650 3401 678 3456 et
688 3397 716 3456 in
731 3397 805 3470 quod
819 3396 915 3471 dirigis
927 3412 1035 3472 arcum,

190 3499 195 3508 '
296 3499 334 3555 lln
350 3499 452 3567 passim
466 3494 590 3567 sequeris
604 3507 704 3552 corvos
719 3497 845 3566 testaque
861 3494 988 3568 lutoque,

295 3593 416 3649 Securus
429 3601 485 3661 quo
497 3601 547 3660 pes
559 3586 644 3660 ferat,
660 3589 742 3659 atque
757 3600 791 3645 ex
803 3591 925 3660 tempore
938 3587 1007 3646 vivis
1017 3586 1044 3646 ¹?

237 3786 321 3863 Haee
338 3783 512 3884 simplicia
529 3795 562 3860 et
585 3783 747 3860 familiari
776 3784 931 3862 sermoni
955 3784 1133 3884 proxima3
1150 3784 1187 3861 in
1213 3784 1255 3862 iis

190 3919 308 3986 autem
327 3930 406 4008 quae
422 3917 619 4006 sequuntur
635 3916 735 4007 poeta
755 3907 845 3983 tollit
862 3929 1000 3984 vocem:

233 4208 239 4245 ¹
255 4209 329 4266 Pers.
345 4211 407 4265 Sat.
424 4206 468 4280 lll,
483 4221 508 4264 n.
523 4210 565 4264 to.
