3042 5086
829 469 876 544 ts

329 629 389 695 aut
403 643 525 694 unum.
538 621 587 694 Eo
604 620 751 710 accedit,
772 621 865 717 quod
882 621 987 694 stoica
1002 619 1183 719 disciplina
1199 620 1298 718 apud
1319 641 1401 718 poe·

327 753 379 816 tas
399 765 562 817 romanos
577 766 616 818 eo
636 743 828 840 praesertim
845 755 1002 840 tempore
1018 743 1144 838 viguit,
1163 767 1231 839 quo
1251 743 1402 829 litterae,
1448 723 1453 736 ’

329 889 346 940 a
366 878 461 941 recto
479 867 522 941 ad
548 890 694 965 pravum
721 866 922 956 abstraotae,
946 865 1035 939 nihil
1059 866 1186 940 sinceri
1213 877 1247 939 et
1274 866 1404 939 incor-

329 988 422 1085 rupti
454 987 647 1076 habebant,
675 986 721 1060 ita
750 997 791 1059 ut
824 986 985 1060 homines
1016 984 1174 1083 plerique
1206 985 1242 1057 in
1275 994 1405 1082 poetas

326 1106 562 1181 stoicissantes
581 1106 657 1180 vitia
678 1106 844 1204 temporis
860 1105 1113 1180 transtulerint.

373 1230 611 1304 Nihilominus
624 1229 816 1326 unicuique
829 1252 929 1326 aequo
946 1229 1063 1303 animo
1076 1238 1110 1302 et
1124 1226 1221 1302 nullo
1237 1227 1404 1326 partium

328 1352 443 1427 studio
462 1350 696 1424 consideranti
721 1349 805 1446 quid
834 1349 970 1422 romani
997 1359 1125 1446 poetae,
1152 1348 1261 1422 stoico
1291 1345 1406 1420 afflati

327 1475 451 1572 spiritu
468 1474 662 1562 effecerint,
681 1472 906 1546 manifestum
932 1480 984 1546 est
1002 1470 1149 1546 Zenonis
1171 1469 1405 1568 disciplinam

329 1599 370 1673 de
390 1599 484 1695 poesi
509 1619 651 1671 romana
681 1619 903 1694 nequaquam
922 1596 1013 1670 male
1038 1595 1198 1668 meritam
1223 1617 1315 1668 esse.
1345 1591 1406 1664 lli-

329 1721 474 1796 deamus
499 1721 654 1818 primurn
681 1742 759 1816 quae
785 1721 827 1793 de
853 1719 943 1810 Dee,
970 1720 1012 1793 de
1033 1719 1122 1807 fato,
1141 1718 1183 1792 de
1201 1727 1341 1806 morte,
1362 1714 1404 1788 de

328 1846 386 1919 illa
410 1844 560 1940 denique
588 1853 675 1933 tota,
704 1866 809 1940 quam
837 1841 1089 1940 physiologiam
1111 1849 1254 1929 vocant,
1284 1837 1404 1938 poetis

328 1963 516 2062 praebuerit
538 1962 756 2051 exornanda3
776 1971 909 2036 tumea
929 1960 1146 2059 proferemus
1165 1982 1243 2058 quae
1266 1983 1286 2034 e
1313 1957 1402 2033 stoi·

329 2105 452 2157 corum
471 2082 587 2171 libris,
606 2081 648 2156 de
666 2080 823 2156 moribus
842 2081 1001 2179 scriptis,
1028 2081 1065 2153 in
1083 2092 1200 2154 vatum
1228 2099 1402 2153 romano·

328 2228 409 2281 rum
427 2216 586 2303 poemata
605 2206 824 2281 effluxerunt.

377 2327 474 2401 Nihil
491 2350 646 2425 nuquam
665 2328 745 2418 suit,
765 2349 845 2401 cum
862 2325 955 2423 apud
970 2335 1117 2414 veteres,
1132 2335 1208 2399 tum
1231 2325 1328 2421 apud
1346 2344 1402 2397 re-

331 2448 521 2539 centiores,
551 2449 674 2547 majori
699 2449 865 2548 dignitate
893 2447 1108 2546 descriptum
1135 2460 1170 2521 et
1194 2435 1402 2544 expressum

331 2590 438 2664 quarn
468 2591 653 2666 supremus
684 2568 742 2642 ille
773 2569 885 2657 Deus,
917 2568 978 2665 qui
1009 2569 1146 2656 omnia,
1175 2586 1399 2663 quaecunque

331 2701 468 2765 nostros
490 2703 570 2765 ante
597 2690 718 2765 oculos
742 2691 986 2780 obversantur,
1011 2701 1130 2765 tuetur
1153 2701 1186 2766 et
1213 2691 1399 2787 gubernat.

330 2815 622 2890 Praestantissima
636 2815 757 2889 eredas
767 2816 922 2911 ingenia,
936 2839 1014 2913 quae
1027 2816 1070 2891 ad
1083 2814 1151 2890 hoe
1166 2836 1255 2913 opus
1266 2839 1303 2891 se
1318 2839 1402 2891 con·

333 2939 507 3028 tulerunt,
525 2937 561 3012 id
588 2948 723 3013 tantum
747 2961 816 3012 non
841 2938 989 3012 feliciter
1013 2938 1079 3013 sibi
1097 2939 1340 3036 proposuisse,
1363 2947 1400 3012 ut

334 3062 485 3136 divinam
504 3061 685 3137 materiam
703 3073 775 3136 arte
793 3062 947 3137 humana
963 3072 1158 3160 aequarent,
1177 3073 1211 3136 et
1228 3085 1268 3137 eo
1288 3062 1400 3138 subli-

334 3183 426 3256 mius
441 3205 516 3257 sese
529 3181 708 3272 extulisse,
726 3205 795 3279 quo
815 3191 937 3256 natura
954 3183 1003 3257 eis
1019 3182 1237 3279 depingenda
1253 3196 1328 3256 erat
1343 3208 1401 3257 su-

336 3304 487 3380 blimior.
506 3306 596 3392 Quid
610 3307 724 3404 majus
738 3306 867 3398 dicitur
884 3305 990 3379 fuisse
1009 3305 1102 3403 apud
1114 3305 1252 3380 Graecos
1267 3308 1402 3381 autho-

335 3429 465 3502 mctioo
484 3428 543 3501 illo
558 3429 660 3517 Jove,
677 3429 735 3524 qui
753 3439 841 3500 nutu
859 3437 971 3500 totum
985 3428 1401 3517 tremefacicbatcoelum,

337 3557 397 3621 ant
414 3549 535 3622 eodem
555 3548 615 3621 illo
633 3549 722 3636 Deo,
750 3547 884 3620 Phidiae
909 3547 1073 3621 manibus
1096 3548 1228 3638 efficto,
1251 3549 1313 3645 qui
1340 3573 1401 3648 po-

337 3668 421 3766 pulo
440 3667 586 3742 minime
607 3666 834 3762 religionibus
853 3666 989 3756 dedito,
1007 3675 1140 3740 tantam
1162 3669 1324 3742 movebat
1346 3692 1401 3743 ve·

338 3791 584 3866 nerationem?
601 3789 692 3875 Quid
715 3791 997 3886 magnificentius
1018 3800 1155 3864 nostros
1180 3791 1274 3888 apud
1293 3792 1401 3888 majo·

339 3939 395 3990 res
408 3925 522 4013 potest
537 3913 684 3988 inveniri
703 3936 809 4010 quam
828 3913 989 3987 funebres
1008 3913 1077 3986 illae
1092 3913 1265 3987 Bossuetii
1283 3914 1402 3987 lauda-

339 4038 450 4114 tiones
488 4051 547 4114 aut
582 4060 689 4112 sacrae
721 4035 872 4111 Cornelii
904 4036 1110 4132 Raciniique
1145 4035 1335 4131 tragoediae,
1367 4037 1400 4110 in

340 4158 467 4256 quibus
503 4180 664 4232 summus
697 4156 754 4230 ille
784 4156 876 4229 Deus
905 4154 1102 4229 declaratur
1134 4178 1209 4230 esse
1243 4155 1400 4229 omniurn
