3002 5084
779 463 828 537 90

272 629 414 683 omnem
431 609 667 685 terminabant
682 608 857 686 virtutem.
879 609 972 686 Eum
993 610 1057 686 tibi
1082 607 1156 710 ¹vult
1179 631 1254 684 esse
1273 633 1337 684 au-

272 731 463 820 biennum,

379 985 386 999 .
425 985 432 998 .
470 983 479 1001 .
517 941 728 1012 .Quilortunae
743 945 949 1014 teresponsare
964 941 1091 1014 superbae

377 1037 512 1094 Liberum
524 1041 553 1096 et
564 1045 687 1095 ereetum
699 1053 823 1110 praesens
835 1039 962 1098 hortatur
973 1043 1002 1096 et
1014 1041 1092 1109 optat
1105 1035 1123 1092 ¹.

320 1218 511 1317 Nunquam
528 1220 705 1294 Romanos
724 1220 767 1294 ad
794 1219 956 1318 antiquos
974 1240 1090 1294 mores
1108 1237 1288 1309 reuocare,
1306 1229 1342 1294 et

274 1344 405 1444 sopitos
433 1343 530 1419 avitae
555 1343 692 1420 virtutis
718 1342 892 1441 igniculos
919 1343 1068 1420 excitare
1097 1353 1243 1418 conatus
1271 1353 1343 1435 est,

274 1464 359 1563 quin
382 1465 519 1563 (sponte
537 1486 582 1538 an
600 1462 729 1539 invitus
742 1463 809 1538 sim
823 1463 981 1539 dicturus
994 1463 1132 1558 dubito)
1150 1484 1341 1560 germanus

274 1583 420 1658 evaserit
436 1583 578 1659 stoicus
598 1583 682 1669 Quis
701 1606 859 1680 unquam
874 1582 917 1658 de
934 1583 1150 1682 paupertatis
1165 1594 1199 1658 et
1217 1584 1342 1659 mortis

276 1718 497 1807 contemptu,
516 1708 595 1806 quis
613 1707 655 1782 de
667 1729 787 1782 amore
804 1729 874 1805 quo
892 1708 1001 1805 putria
1021 1708 1067 1781 sit
1083 1708 1342 1806 prosequenda,

276 1826 355 1923 quis
373 1826 415 1902 de
433 1828 505 1926 ipsa
525 1851 587 1925 per
605 1850 680 1902 sese
698 1827 886 1925 expetenda
906 1828 1049 1918 virtute,
1067 1827 1185 1902 stoicis
1203 1827 1342 1902 loeutus

276 1960 329 2025 est
345 1951 588 2049 eloquentius?
603 1953 713 2027 Porro
730 1953 779 2026 eis
795 1953 950 2050 proxima
975 1962 1095 2027 noster
1112 1960 1211 2050 poeta
1231 1951 1344 2051 serip-

276 2072 340 2162 sit,
358 2072 432 2169 qui,
444 2072 631 2147 secundam
649 2072 805 2147 virorum
824 2082 1067 2171 paupertatem
1085 2094 1161 2146 esse
1182 2071 1286 2162 dicit,
1309 2081 1344 2147 et

275 2191 396 2265 statuit
421 2193 594 2289 flagitium
622 2193 720 2292 pejus
748 2193 843 2267 letho
865 2215 940 2268 esse
964 2191 1230 2267 metuendume
1250 2190 1340 2278 Quin

275 2314 380 2388 etiam
399 2337 437 2389 ea
464 2314 537 2389 sola
556 2316 645 2391 bona
666 2315 739 2390 vult
763 2338 839 2392 esse
865 2325 1000 2407 nostra,
1018 2337 1097 2415 quae
1121 2324 1241 2420 nostra
1257 2323 1343 2390 sunt

275 2433 343 2508 sub
357 2444 526 2532 potestate
543 2458 657 2534 neque
672 2458 712 2511 ex
730 2435 843 2511 alieno
862 2436 1006 2511 arbitrio
1022 2435 1193 2534 pendent:

488 2643 594 2714 Virtus,
607 2643 725 2714 repulsae
741 2644 837 2702 nescia
850 2642 983 2713 sordide,

486 2741 657 2798 intaminatis
670 2740 757 2812 fulget
769 2740 939 2809 honoribus;

524 2833 581 2892 Neo
594 2834 679 2891 sumit
692 2839 739 2891 aut
753 2834 832 2905 ponit
844 2847 958 2890 secures

557 2929 675 2986 Arbitrio
688 2929 830 3001 popularis
845 2941 921 2985 aurae
931 2925 952 2983 ³.

324 3108 359 3183 Si
373 3110 450 3208 quis
463 3123 581 3184 autem
595 3119 816 3208 compertum
829 3106 919 3181 volet
931 3106 1060 3182 babere
1073 3117 1241 3203 quantam
1252 3108 1341 3196 vim,

276 3241 518 3328 quantumque
545 3230 707 3329 spiritum
735 3227 885 3319 imbelli,
913 3240 951 3300 ut
977 3248 1054 3300 eam
1072 3228 1145 3324 ipse
1164 3227 1340 3316 nominat,

276 3352 384 3427 Musae
398 3354 516 3428 Flacci
533 3353 728 3429 addiderint
742 3351 890 3426 Zenonis
902 3361 1091 3448 praecepta,
1103 3360 1340 3447 quantamque

276 3471 477 3546 addicendi
500 3473 714 3547 divinitatem
728 3473 836 3545 ¹illam
855 3470 1063 3561 extulerint,
1088 3481 1149 3544 aut
1166 3471 1241 3568 jam
1265 3469 1340 3543 lau-

278 3597 356 3671 data
372 3597 414 3671 de
431 3596 565 3694 Regulo
588 3598 678 3693 legat
695 3597 869 3688 earmina,
887 3609 948 3671 aut
965 3595 1054 3673 eain
1070 3595 1198 3693 quibus
1213 3594 1340 3669 stoico·

278 3742 358 3793 rum
379 3720 545 3817 sapientis
562 3719 698 3793 videtur
722 3719 871 3815 voluisse
895 3718 1106 3794 adumbrare
1128 3717 1338 3814 imaginem:

313 4000 323 4038 ¹
338 4001 403 4057 Hor.
418 4002 472 4072 Ep.
486 4000 510 4070 1,
522 4004 587 4070 „l‚v.
602 4002 644 4055 68.

313 4094 423 4167 *Idem
437 4095 455 4152 l.
471 4097 496 4167 1,
515 4095 569 4152 Od.
584 4100 627 4167 la,
640 4110 665 4152 v.
678 4099 728 4166 tl;
747 4093 765 4150 l.
779 4095 823 4163 tv,
838 4091 893 4150 Od.
907 4097 934 4164 9,
950 4107 975 4149 u.
990 4095 1033 4150 49.

313 4181 459 4258 ³1uem,1'.
475 4188 528 4259 ut,
547 4187 599 4244 on.
615 4192 641 4258 a,
654 4203 681 4245 v.
696 4189 739 4243 ln.
