3002 5084
635 547 682 622 89

115 692 212 782 sert,
232 711 310 789 quae
327 691 416 778 nulli
434 691 504 766 sint
525 692 666 792 propria
686 689 936 792 philosophiae,
952 701 987 766 et
1004 691 1046 767 de
1063 693 1191 790 quibus

114 813 265 888 nullum
284 813 373 887 heul
392 813 503 912 possit
520 836 596 890 esse
613 814 799 891 dissidium
810 815 834 886 ¹.

171 937 275 1024 Quod
293 937 337 1013 ad
352 939 479 1015 stoicos
497 941 634 1032 attinet,
652 940 813 1017 mirabile
827 950 881 1016 est
895 949 1067 1040 quantum
1084 938 1192 1016 Hora-

114 1058 196 1135 tius
221 1080 346 1136 eorum
373 1061 511 1138 decreta
538 1072 573 1140 et
601 1074 775 1163 praecepta
803 1062 1062 1154 obtrectaverit,
1080 1062 1192 1139 idem-

116 1205 196 1280 que
217 1183 375 1260 versibus
401 1184 475 1260 suis
501 1186 727 1262 illustraverit
736 1189 760 1260 ².
781 1185 923 1272 Quoties
950 1186 1041 1277 lere,
1063 1185 1192 1262 omisso

115 1303 223 1377 omni
239 1302 339 1394 ludo,
355 1304 422 1380 hoc
441 1306 507 1381 sibi
521 1307 701 1406 proponit,
716 1316 756 1381 ut
770 1305 973 1381 hominibus
985 1327 1102 1380 veram
1114 1305 1192 1381 vitae

114 1428 215 1503 viam
239 1439 426 1521 monstret,
445 1431 546 1507 toties
571 1432 747 1508 aZenone
773 1431 1015 1531 potiusquam
1039 1432 1083 1506 ab
1108 1429 1191 1529 Epi-

117 1572 211 1627 curo
230 1574 308 1649 quae
330 1551 453 1629 doceat
470 1553 633 1652 exposcit.
662 1551 754 1638 Quid
777 1562 830 1629 est
853 1553 949 1628 enim
977 1574 1041 1627 cur
1065 1551 1191 1628 virtute

118 1695 252 1749 aurum
272 1697 347 1749 esse
364 1674 466 1749 vilius
491 1675 673 1773 praedicet,
699 1685 734 1751 et
755 1675 904 1751 miretur
924 1675 1191 1774 quatuordecim

120 1808 243 1896 patere
261 1797 546 1894 quadringentis3
573 1798 709 1890 animo,
734 1799 911 1890 moribus,
939 1799 1091 1896 fideique
1116 1819 1191 1872 esse

118 1923 284 1998 clausos‘l
301 1923 392 2009 Quid
410 1934 463 1998 est
478 1947 542 1998 cur
559 1924 714 2000 virorum
731 1921 863 2021 iniquis
881 1923 1050 1998 institutis
1065 1944 1191 2020 puero-

120 2066 204 2118 rum
222 2044 391 2135 naeniam,
409 2044 567 2120 maribus
580 2043 734 2118 Camillis
748 2043 832 2120 olim
847 2042 1086 2132 decantatam,
1106 2063 1191 2140 prae

122 2167 227 2257 lerat,
245 2190 324 2264 quae
348 2188 497 2263 reguum
515 2177 609 2240 recte
630 2165 838 2240 iacientibus
862 2163 1067 2263 pollicetur·;
1086 2184 1191 2260 gene-

123 2313 272 2390 rosaque
291 2314 331 2365 ac
353 2291 486 2367 fortiter
510 2289 715 2390 pronuntiet
732 2290 828 2364 hunc
848 2312 994 2365 murum
1016 2290 1189 2365 aheneum

121 2435 198 2490 esse
215 2411 359 2503 debere,

229 2591 273 2652 Nil
286 2589 413 2649 conscire
426 2589 493 2663 sibi,
513 2589 589 2649 nulla
604 2587 758 2661 pallescere
772 2587 891 2662 culpa³l

171 2749 238 2826 Hic
270 2748 390 2825 audire
425 2771 503 2824 vere
536 2746 598 2824 tibi
633 2739 781 2824 videaris
815 2747 966 2825 stoicum
1000 2749 1188 2846 quemdam

121 2885 251 2952 cuncta
280 2877 426 2950 honesto
453 2874 737 2974 posthabentem‚
763 2885 798 2950 et
827 2873 936 2949 animi
965 2873 1054 2948 bona
1078 2873 1189 2972 pluris

122 2979 230 3101 quarn
248 3008 406 3074 externas
424 3020 507 3098 opes
522 2998 718 3073 facientem.

169 3127 301 3201 Dixerit
325 3125 470 3201 tortasse
497 3124 673 3223 quispiam
700 3144 760 3212 ea,
788 3119 1089 3219 quemadmodum
1115 3124 1190 3222 epi·
1265 3135 1270 3146 '

121 3271 227 3323 curea
255 3269 326 3321 non
354 3257 454 3336 sunt,
485 3245 535 3320 sic
564 3242 639 3318 fieri
666 3263 766 3341 posse
795 3251 932 3317 utnon
961 3240 1032 3316 sint
1060 3241 1187 3318 stoica:

120 3372 252 3469 quippe
269 3369 408 3444 nullum
427 3368 497 3442 lere
522 3388 597 3441 esse
621 3365 872 3465 philosophum
897 3387 916 3438 e
940 3376 1009 3440 tota
1037 3365 1188 3441 Socratis

121 3496 245 3586 domo,
260 3493 321 3591 qui
336 3516 376 3568 ea
391 3491 539 3567 dicendo
557 3490 834 3588 exprimerenon
849 3489 1029 3588 potuisset.
1052 3489 1096 3566 At
1110 3514 1188 3589 quae

120 3619 176 3693 his
194 3617 328 3692 addidit
344 3615 508 3691 Horatius
535 3613 579 3690 ad
606 3613 794 3689 sententias
822 3624 856 3687 et
874 3613 977 3689 verba
994 3613 1187 3691 stoicorum

121 3741 266 3840 propius
293 3739 485 3830 accedunt,
511 3739 572 3837 qui
597 3737 757 3814 libertate
781 3748 815 3813 et
840 3761 879 3812 ea
909 3737 1017 3812 animi
1043 3748 1188 3814 conten-

122 3861 231 3951 tione,
262 3882 368 3957 quam
395 3858 464 3933 sive
493 3860 616 3949 adrev,
645 3862 715 3934 sive
733 3868 923 3941 ἐπίστασιν
941 3859 1187 3950 nominabant,

158 4091 167 4129 ¹
181 4093 258 4164 lion,
272 4091 291 4149 l.
306 4092 344 4164 11,
359 4089 414 4148 od.
429 4095 476 4161 tt,
490 4104 516 4149 v.
530 4094 574 4150 at.

158 4189 169 4228 ²
181 4192 219 4252 Μ.
233 4189 325 4264 Patin,
339 4189 410 4248 trad.
425 4187 574 4264 d'tlorace,
586 4187 711 4261 prefate,
725 4201 751 4259 p.
766 4187 875 4248 Lxltllt.

159 4283 248 4343 ³tlor.
263 4289 317 4358 Ep.
331 4285 426 4357 1.1,t,
441 4302 467 4345 v.
483 4289 526 4342 60.
