3002 5084
631 529 702 603 tuit

117 672 205 747 cilio
226 695 296 748 suo
311 672 484 771 praecipit,
501 683 540 747 ut
557 673 609 747 sui
624 672 795 772 jurissit,
814 693 879 746 nec
894 670 1004 745 aliena
1022 679 1201 746 moveatur

115 798 186 873 sub
202 797 356 888 umbra,
372 819 525 894 eumque
540 798 612 873 vult
631 820 702 876 non
718 796 823 872 modo
842 796 982 871 turbam
1000 795 1124 886 vitare,
1138 794 1197 869 sed

114 919 233 993 etiam
255 918 417 993 homines
436 918 649 994 clarissimos
679 939 841 993 recusare
864 917 971 992 duces
1001 925 1035 990 91
1052 936 1199 990 1999919

37 1085 40 1092 -
114 1043 312 1119 tendentes
340 1043 518 1141 repellere.
546 1045 631 1119 lude
659 1041 807 1140 insignia
835 1042 909 1116 haec
934 1041 1067 1116 verba:
1099 1039 1199 1115 clloc

113 1163 216 1237 Zeno
239 1163 342 1238 dixit!
367 1161 419 1238 'l'u
436 1164 546 1260 quid?
566 1163 642 1238 Hoc
660 1162 864 1238 Cleanthes!
892 1161 945 1237 Tu
964 1160 1107 1259 quidl...
1126 1159 1199 1235 9111·

114 1286 208 1382 quid
230 1287 370 1362 intersit
386 1287 477 1361 iuter
494 1299 528 1361 19
546 1297 581 1362 91
600 1286 731 1361 librum
744 1287 807 1359 ‘lt

166 1409 238 1484 llla
258 1410 301 1485 de
320 1409 453 1508 logicis,
468 1409 568 1495 Quod
584 1410 627 1485 ad
645 1409 787 1509 physica
806 1409 929 1483 attinet
944 1418 1047 1504 atque
1064 1407 1106 1481 ad
1122 1405 1200 1481 uni-

111 1554 308 1608 versarum
326 1533 483 1630 regimen
504 1555 640 1621 rerum,
666 1533 763 1607 hune
786 1554 944 1623 versum,
965 1553 1070 1630 quem
1090 1529 1198 1604 mira'-

114 1653 230 1730 batur
248 1655 462 1730 Leibnitzius
481 1655 630 1731 libenter
648 1655 877 1756 protulerim:

236 1862 328 1920 Cuivis
340 1865 432 1934 potest
447 1862 573 1920 accidere
587 1863 661 1936 quod
680 1865 807 1936 cuiquam
821 1868 929 1936 potest,

121 2048 156 2114 et
183 2039 276 2116 alios
304 2040 433 2137 quibus
465 2041 702 2118 inscrutabilis
732 2039 791 2114 illa
822 2052 856 2114 91
886 2035 1121 2113 ineluctabilis
1147 2036 1196 2108 vis

124 2159 204 2236 Fati
223 2161 359 2260 egregie
377 2159 603 2260 exprimitur:

271 2353 470 2413 Necessitatem
483 2351 568 2424 ierre,
583 2321 719 2410 99911999
732 2333 857 2408 addecet.

271 2449 436 2509 Necessitati
449 2449 561 2536 sapiens
574 2448 641 2507 nihil
658 2461 777 2519 unquam
792 2456 881 2520 negat.

174 2627 227 2701 De
253 2626 411 2726 moribus
438 2638 628 2725 supersunt
652 2627 764 2704 multo
783 2625 900 2725 plura,
924 2624 1015 2699 inter
1032 2647 1109 2722 quae
1127 2626 1195 2700 hoe

126 2744 265 2856 dictum
286 2747 531 2839 animadverti,
557 2748 662 2822 veteri
689 2747 831 2846 quidem
860 2746 1042 2846 proverbio
1069 2769 1194 2845 parum

128 2883 424 2965 consentaneum,
441 2873 517 2963 sed,
535 2895 614 2949 meo
628 2873 779 2972 judicio,
798 2873 1092 2948 indubitandum:

272 3076 370 3135 Arcum
386 3075 505 3134 intensio
518 3076 635 3147 irangit,
649 3076 768 3133 animum
782 3074 917 3132 remissio.

179 3254 279 3330 Hanc
295 3255 504 3329 seutentiam
529 3276 604 3329 9999
628 3253 845 3328 verissimam
867 3275 1008 3329 mecum
1032 3254 1196 3330 fatebitur

130 3377 290 3474 quisquis
318 3399 439 3452 secum
468 3375 681 3475 reputaverit
707 3399 806 3451 99999
830 3399 870 3451 99
894 3376 1032 3475 longius
1058 3377 1095 3452 19
1120 3378 1196 3453 vitea

130 3502 310 3577 curriculo
329 3501 508 3600 progredi,
528 3524 597 3599 quo
616 3502 732 3576 acrius
750 3501 786 3575 in
811 3499 916 3576 rebus
939 3501 1100 3599 gerendis
1122 3526 1197 3578 ver-

129 3637 270 3716 santur3
290 3647 392 3712 nam,
419 3635 459 3698 ut
475 3624 627 3722 vulgaris
647 3624 704 3698 hic
722 3624 832 3720 ignis,
851 3647 955 3722 quem
974 3625 1086 3701 oculis
1103 3625 1197 3700 vide-

130 3770 229 3836 mus,
246 3747 297 3821 sic
315 3748 414 3843 ignea
441 3747 490 3821 vis
520 3748 647 3839 animi,
667 3770 744 3845 quae
772 3770 894 3822 omnes
920 3759 1056 3846 nostros
1074 3771 1197 3822 sensus

129 3865 234 3957 19191,
253 3865 369 3941 eundo
386 3889 543 3942 cresccre
562 3867 652 3941 solet
669 3877 704 3941 91
721 3867 922 3944 clarescere.
942 3867 978 3942 Si
997 3851 1196 3942 99199119-

130 3988 219 4062 bites
238 3989 305 4065 1919
324 3990 390 4065 hoc
410 3990 552 4065 allatum
582 4013 663 4065 cum
691 3992 883 4067 stoicorum
912 3990 1046 4088 placitis
1065 3989 1195 4089 aliquid

171 4255 178 4285 ¹
191 4258 279 4330 Epist
294 4261 337 4314 33.
