3002 5084
778 481 850 558 106

289 627 425 715 Quanto
440 631 569 706 rectius
584 629 817 729 Chrysippus,
835 630 968 729 inquit,
986 644 1022 709 et
1034 634 1194 710 Socrates
1221 634 1283 709 ille
1299 634 1358 733 qui

288 763 442 853 acceptae
460 754 583 832 ciculae
597 764 732 854 partam
750 757 945 832 accusatori
957 757 1067 834 nollet
1081 759 1190 835 darc!
1245 795 1249 800 ·

831 933 938 1005 Quippe
951 934 1049 992 minuti

393 1026 505 1095 Semper
518 1029 546 1081 et
558 1023 656 1081 infirmi
669 1028 712 1082 cst
724 1025 807 1082 animi
821 1026 966 1096 exiguique
979 1027 1105 1099 voluptas

394 1119 475 1178 Ultio.
491 1121 628 1178 continuo
642 1121 682 1177 sio
696 1121 809 1193 collige,
824 1122 898 1194 quod
912 1122 1033 1182 vindicta

395 1215 481 1274 Nemo
494 1216 582 1288 magis
594 1216 697 1288 gaudet
709 1231 790 1289 quam
803 1217 904 1276 lomina
917 1219 934 1277 ¹.

337 1367 439 1455 Quod
456 1368 486 1442 si
503 1368 582 1466 quis
596 1370 683 1444 lortc
699 1369 787 1443 rnihi
803 1369 928 1445 dixerit
944 1371 1019 1446 haec
1037 1395 1055 1448 e
1072 1373 1271 1471 platonico,
1289 1395 1361 1448 non

289 1492 407 1566 minus
426 1513 531 1588 quarn
550 1513 569 1566 e
587 1492 694 1567 stoico
714 1493 807 1566 iente
824 1515 968 1568 manare
986 1496 1156 1593 potuisse,
1175 1497 1360 1595 obJectum

288 1638 358 1690 non
386 1615 540 1704 diluere,
566 1616 625 1690 sed
644 1616 777 1690 elevare
798 1618 926 1707 enitar,
946 1621 1174 1695 memorando
1201 1621 1360 1719 platoni-

288 1763 347 1816 cos
377 1761 491 1831 raros,
526 1762 569 1815 ne
601 1741 716 1817 dicam
752 1742 884 1832 nullos,
918 1744 1046 1820 stoicos
1077 1755 1195 1821 autern
1223 1747 1361 1822 multos

287 1861 429 1951 Romae,
446 1859 623 1935 luvenalis
650 1870 827 1959 tempore,
854 1862 1036 1956 ssoruisse;
1062 1865 1210 1964 ideoque
1237 1867 1362 1942 verisi-

288 1989 408 2065 milius
426 1999 586 2064 nostrum
604 2000 743 2087 poetam
757 2011 776 2064 a
791 1989 910 2064 stoicis
926 2013 1034 2088 quam
1053 2016 1071 2067 a
1089 1994 1277 2092 platonicis
1296 2019 1359 2093 ge-

289 2137 433 2190 nerosos
451 2116 516 2188 hos
532 2135 656 2188 sensus
672 2113 921 2211 desumpsisse.

336 2237 448 2313 Satira
467 2260 545 2336 quae
562 2237 606 2311 dc
622 2237 778 2335 cecropio
797 2231 1019 2327 inscribitur,
1038 2240 1198 2336 quaedam
1217 2265 1360 2340 quoque

289 2358 463 2448 continet,
483 2381 560 2455 quae
579 2367 701 2431 istrum
722 2357 944 2447 academica,
967 2380 1010 2431 an
1030 2359 1137 2434 stoica
1159 2360 1245 2452 sint,
1267 2363 1359 2437 disfi-

288 2483 354 2556 cile
369 2492 421 2555 est
438 2481 646 2579 dijudicare,
665 2481 876 2585 etquaedam
895 2503 972 2577 quae
994 2480 1083 2555 mihi
1100 2482 1263 2557 videntur
1281 2508 1357 2560 om·

288 2605 372 2678 nino
391 2603 510 2677 stoica.
536 2603 668 2678 Prioris
699 2604 836 2699 generis
866 2615 949 2678 sunt
977 2604 1214 2679 delicatissimi
1233 2609 1357 2706 etjam

288 2728 515 2826 vulgatissimi
540 2751 659 2803 versus
677 2730 807 2827 quibus
830 2729 1019 2805 christiano
1044 2753 1152 2830 prope
1170 2733 1276 2806 modo
1299 2756 1356 2808 os-

289 2849 401 2923 tendit
417 2858 517 2948 poeta
540 2860 669 2947 quanta
693 2860 821 2925 tenerae
842 2851 932 2925 aetati
950 2852 1143 2926 reverentia
1169 2852 1358 2944 debeatur,

289 2984 323 3047 ct
340 2995 446 3071 quam
460 2973 590 3047 multas
603 2995 795 3072 puerorum
809 2973 980 3048 institutio
997 2974 1124 3048 habeat
1139 2975 1320 3051 cautiones
1331 2979 1358 3049 ².

339 3095 422 3182 Quae
441 3095 606 3170 deservis
625 3095 749 3170 eodem
767 3095 803 3168 in
820 3096 897 3170 loco
917 3097 1057 3195 scripsit
1069 3120 1148 3171 vere
1167 3108 1201 3171 et
1218 3099 1359 3198 proprie

291 3219 398 3295 stoica
416 3243 491 3295 csse
508 3219 587 3294 ideo
606 3220 872 3312 affirmaverim,
890 3222 983 3318 quod
1001 3221 1093 3319 apud
1111 3231 1243 3296 veteres
1261 3223 1358 3297 nulla

291 3343 374 3432 iuit,.
399 3354 525 3440 praeter
557 3344 751 3440 porticum,
781 3341 1070 3440 philosophorum
1100 3344 1249 3434 familia,
1280 3369 1357 3443 quae

290 3465 452 3538 homines
471 3464 597 3538 misero
623 3464 787 3538 servitute
808 3485 991 3562 oppressos
1010 3464 1129 3540 liberis
1153 3467 1357 3542 hominibus

291 3584 416 3658 dixerit
430 3606 551 3680 pares,
569 3606 698 3681 eosque
717 3584 865 3658 excitare
880 3593 915 3656 et
932 3583 1063 3680 erigere
1079 3596 1200 3660 conata
1219 3587 1355 3661 inerit3.

292 3705 482 3781 dumalias
512 3706 642 3780 nobilia
671 3707 812 3781 Senecae
838 3707 941 3781 verba
971 3707 1200 3805 protulimus,
1230 3710 1358 3807 quibus

334 3935 342 3963 ¹
354 3936 413 3993 Juv.
427 3937 501 4008 Sat,
515 3935 566 4002 ΙΙΙ,
578 3949 604 3991 v.
619 3937 680 3992 l98.

334 4025 415 4084 'lun
429 4030 502 4099 Sat,
513 4028 580 4099 XIV,
595 4042 620 4084 v.
637 4030 679 4083 dl.

334 4119 449 4193 'lanet‚
471 4124 544 4178 Hist.
565 4119 600 4176 de
619 4119 653 4177 lc
663 4118 767 4191 pillos.
781 4134 853 4176 mor.
870 4119 1001 4192 etpcltt„
1017 4121 1155 4191 possitus
1172 4118 1271 4191 lienis,
1285 4121 1354 4174 Htst

297 4216 346 4273 des
359 4214 448 4273 tltdor.
462 4223 492 4273 et
503 4215 552 4274 des
564 4215 641 4272 tdtes
654 4231 739 4286 mor„
749 4217 872 4287 possim.
