3002 5084
664 465 735 540 tte

184 605 278 682 Haec
296 608 432 698 verba,
448 610 585 684 conseia
598 610 666 708 suti
677 611 805 700 sidera,
822 613 968 690 autentis
980 613 1126 688 rationis
1139 637 1231 714 opus,

130 729 272 803 maredo
291 753 367 828 pro
391 731 482 806 eaelo
501 732 653 824 dietum,
671 734 754 810 satis
773 734 953 810 declarant
970 748 1129 813 nostrum
1151 760 1234 836 poe·

132 861 210 926 tam
232 853 387 929 stoicas
407 854 563 930 versibus
579 857 761 931 enuntiare
774 858 973 932 sententias.

185 975 394 1082 Caeterum
412 989 522 1076 poetae
536 978 746 1054 altissimum
758 980 872 1078 piacet
884 983 952 1057 hue
966 993 1231 1080 argumentum:

595 1149 722 1206 .'Juvat
715 1163 754 1206 rre
767 1162 817 1220 per
830 1150 919 1221 ipsum

173 1235 175 1240 ’
252 1240 354 1314 Aera,
373 1241 425 1298 et
417 1254 550 1299 immenso
505 1189 728 1314 Uspatiantem
738 1242 830 1300 rivere
842 1243 940 1300 coelo'.

186 1383 307 1471 Quod
329 1388 493 1486 quamvis
516 1387 560 1464 sit
581 1387 730 1462 arduum
753 1397 787 1461 et
810 1388 906 1462 aditu
928 1387 1087 1464 difficiles
1108 1385 1234 1466 habeat

135 1501 333 1597 latebras,
351 1507 506 1582 hominis
523 1520 638 1582 tamen
653 1507 778 1583 rationi
797 1519 849 1583 est
862 1507 1090 1606 permeabile:

506 1717 513 1731 .
556 1719 561 1732 .
600 1719 606 1734 .
627 1677 676 1735 Cui
690 1677 765 1734 nutia
778 1677 911 1735 resistunt

260 1775 417 1846 Claustra,
433 1787 483 1830 nee
497 1773 635 1830 immensae
650 1773 752 1846 moles,
766 1773 887 1845 caecique
902 1787 1046 1847 recessus;

261 1867 372 1924 Omnia
385 1866 585 1938 succumbunt,
598 1867 688 1938 ipsum
701 1872 745 1923 est
756 1865 925 1938 penetrabile
938 1867 1037 1923 coetum
1049 1863 1066 1922 ².

194 2005 281 2084 Nee
297 2008 452 2098 mirum,
472 2030 554 2084 cum
573 2007 622 2106 (id
644 2007 738 2104 quod
756 2008 858 2106 plane
877 2006 1027 2082 stoicum
1051 2005 1116 2105 est)
1135 2027 1234 2080 mens
1326 2007 1331 2021 '

147 2142 282 2207 nostra
305 2131 430 2207 divinae
448 2131 558 2207 menti
576 2141 722 2229 cognata
748 2131 810 2221 sit,
838 2141 933 2228 etex
951 2154 991 2206 ea
1018 2129 1117 2230 quasi
1143 2129 1232 2204 deli-

148 2253 237 2333 bata
252 2284 261 2332 :

270 2433 333 2488 tarn
347 2443 481 2502 nusquam
495 2438 593 2488 natura
609 2432 689 2489 latet:
704 2429 870 2502 pervidimus
884 2443 1006 2501 ornnem,

271 2527 308 2584 Et
323 2531 403 2598 rapto
416 2527 536 2600 potimur
550 2528 663 2600 mundo,
678 2531 856 2598 nostrumque
871 2532 1011 2599 parentem

274 2627 342 2682 Pars
356 2639 407 2682 sua
420 2626 621 2698 conspicimus,
635 2626 774 2698 genitique
786 2625 944 2683 accedimus
960 2624 1042 2682 astris
1052 2621 1072 2682 ³.

210 2765 293 2852 Quo
309 2787 452 2840 accessu
471 2779 505 2839 et
517 2777 707 2865 conspectu
723 2767 810 2840 nihii
824 2765 1008 2862 excogitari
1022 2761 1231 2862 potestsub·

158 2885 288 2962 limius
302 2897 336 2961 et
349 2888 504 2986 sapiente
518 2889 668 2986 dignius
685 2889 782 2983 Mens
795 2901 912 2963 autem
926 2898 1059 2978 nostra,
1076 2886 1233 2983 angustis

161 3023 269 3086 autea
303 3012 460 3086 terminis
492 3023 604 3111 septa,
636 3013 703 3088 hoe
735 3024 773 3088 ut
803 3023 1007 3111 assequatur
1037 3011 1233 3109 fastigium,

162 3155 274 3210 suum
288 3145 408 3234 paetus
423 3135 573 3210 transire
591 3135 711 3224 debet,

276 3309 485 3378 Extremumque
500 3307 577 3378 sequi
591 3311 719 3379 pontum,
733 3311 867 3378 terraeque
879 3305 971 3362 subire

274 3402 422 3460 Pendentis
436 3406 557 3474 tractus,
573 3405 601 3459 et
616 3406 674 3459 toto
688 3402 778 3459 vivere
794 3401 821 3458 in
835 3399 931 3458 orbe&

275 3595 477 3667 impendendus
490 3595 571 3652 homo
585 3599 641 3668 est,
655 3596 729 3654 Deus
742 3608 804 3652 esse
819 3597 849 3652 nt
861 3593 951 3666 possit
964 3593 991 3649 in
1007 3591 1068 3663 ipso
1080 3590 1101 3648 i.

88 3810 91 3815 ’
205 3812 300 3872 ¹Man.
317 3815 405 3882 Astu,
423 3811 440 3868 Ι.
454 3815 479 3885 Ι,
494 3829 518 3872 e.
535 3818 576 3870 ts.

206 3908 504 3982 ardem‚t.1,v.5as.
571 3909 576 3916 '

205 4007 323 4080 3lurein,
340 4009 451 4080 t.1v,v.
465 4014 525 4066 aur.

206 4101 217 4138 ⁴
232 4101 325 4168 Idem,
341 4102 359 4157 Ι.
371 4101 414 4172 tv,
430 4104 490 4158 879.

207 4198 218 4234 ⁵
234 4197 327 4270 Idem,
341 4196 451 4269 t.1v,v.
467 4199 527 4253 tot.
