3042 5086
703 477 725 552 7

233 621 263 696 A
289 645 346 696 me
374 632 490 695 autem
521 621 605 711 hoc,
636 623 872 720 quodeunque
902 633 969 712 est,
998 623 1191 698 admirante
1216 637 1250 698 et

183 744 376 843 pulchrum
393 743 549 835 dicente,
565 744 593 818 si
612 745 689 842 quis
707 746 794 818 sorte
809 743 893 841 quid
906 745 950 817 sit
964 744 1170 843 pulchrum,
1187 768 1249 843 ge-

187 870 338 945 neratim
356 869 635 959 consideratum,
651 881 837 967 quaereret,
857 892 927 943 non
948 868 1041 943 illico
1058 878 1150 944 certe
1165 870 1250 966 quid

183 989 355 1088 quaerenti
372 988 618 1086 responderem
635 989 820 1078 haberem,
838 1012 903 1065 neo
920 990 1036 1088 ipsum
1055 989 1249 1064 Homerum

184 1113 289 1188 oredo
320 1113 425 1186 luisse
458 1111 673 1185 habiturum.
703 1111 806 1186 Aliud
835 1125 887 1185 est
913 1113 1007 1186 enim
1035 1112 1249 1208 singularem

184 1235 375 1334 quamdam
395 1257 486 1322 rem,
506 1256 627 1307 omnes
647 1235 721 1332 ejus
738 1245 852 1332 partes
868 1234 989 1308 ordine
1008 1234 1248 1332 persequendo

181 1370 217 1434 et
241 1353 475 1446 recensendo,
493 1356 693 1429 minutatim
714 1355 931 1444 describere;
959 1355 1073 1446 aliud,
1091 1355 1249 1453 ejusdem

183 1480 232 1556 rei
252 1490 430 1568 naturam,
446 1479 624 1578 propriam
641 1479 746 1553 simul
764 1501 804 1554 ao
819 1501 1065 1571 communem,
1084 1479 1248 1556 brevibus

186 1601 297 1674 verbis
320 1600 516 1698 iisdemque
539 1600 703 1674 dilucidis
727 1601 871 1675 definire
890 1627 897 1673 :
917 1601 1003 1676 illud
1030 1612 1157 1700 poetae,
1180 1602 1249 1677 hoc

187 1722 383 1821 philosophi
399 1732 460 1796 est.

231 1845 351 1943 ltaque
374 1825 571 1935 socratem,
597 1845 696 1920 illum
725 1846 955 1945 philosophiae
981 1847 1189 1942 magistrum
1214 1859 1250 1923 et

185 1963 395 2055 antistitem,
414 1965 506 2063 apud
532 1965 799 2062 Xenophontem
823 1976 857 2041 et
882 1965 1064 2040 Platonem
1083 1966 1248 2064 legimus,

184 2109 417 2185 quaecumque
444 2112 499 2163 res
528 2088 780 2164 consideranda
806 2089 982 2187 proposita
1009 2089 1145 2178 luisset,
1173 2091 1248 2188 ejus

182 2207 251 2280 vim
280 2230 320 2282 ac
346 2218 508 2282 naturam
536 2207 855 2306 acolloquentibus
883 2208 1020 2281 deliniri
1039 2207 1163 2305 jubere
1189 2221 1250 2283 aut
1313 2214 1316 2221 '

181 2324 300 2422 ipsum
331 2349 408 2401 eam
440 2326 585 2401 definire
617 2324 769 2400 solitum.
805 2325 891 2412 Quis
923 2336 974 2400 est
1003 2348 1108 2423 quem
1139 2326 1249 2422 fugiat

183 2448 340 2524 Platonis
358 2450 513 2546 dialogos
536 2453 589 2546 (ut
614 2449 657 2524 de
683 2447 932 2524 celebrioribus
960 2447 1074 2537 solum
1093 2449 1247 2548 loquar),

181 2569 241 2667 qui
274 2569 489 2658 Conuiuium,
522 2570 671 2668 Hippius
701 2570 832 2666 uuujor,
863 2570 1048 2661 Phaedrus,
1084 2571 1245 2666 Gorgiae,

184 2692 358 2768 Theetetus
382 2693 641 2782 inscribuntur,
666 2693 701 2765 in
721 2715 855 2782 amore,
873 2693 1151 2792 pulchritudine,
1175 2692 1246 2770 elu-

182 2816 323 2912 quentia
342 2827 375 2889 et
398 2815 543 2890 scientia
562 2814 768 2889 definiendis
788 2825 925 2889 tantum
945 2837 1015 2888 non
1041 2815 1145 2891 unice
1167 2839 1246 2891 ver-

181 2938 276 3012 sari‘l
292 2939 330 3012 ln
346 2938 474 3034 quibus
490 2949 576 3036 quot
590 2938 761 3035 sophistas
776 2938 911 3012 induxit
925 2938 1051 3013 nobilis
1065 2938 1123 3012 ille
1136 2939 1248 3039 philo·

183 3060 333 3156 sophus,
356 3061 434 3156 qui,
450 3060 590 3156 ingenio
608 3060 759 3134 oratorio
779 3069 838 3132 aut
859 3060 994 3157 poetico
1012 3061 1122 3157 magis
1141 3085 1247 3158 quarn

181 3179 428 3280 philosophico
458 3181 612 3278 praediti,
639 3181 791 3254 Socratis
823 3180 1015 3255 disserendi
1043 3181 1168 3254 rationi
1193 3183 1247 3256 vix

182 3327 258 3379 sese
279 3305 417 3402 fingunt
445 3317 479 3380 et
502 3305 793 3400 accommodant3
811 3303 896 3377 dum
922 3303 991 3392 illi,
1017 3301 1165 3401 pulchro
1189 3316 1249 3378 aut

182 3427 288 3500 etiam
308 3427 379 3500 sola
405 3426 545 3524 pulchri
570 3426 684 3526 specie
708 3425 884 3516 delectati,
908 3425 951 3499 de
975 3447 1013 3499 re
1037 3448 1249 3523 unaquaque

183 3547 307 3643 longa,
323 3546 435 3621 iutilia
449 3560 483 3621 et
499 3547 685 3643 aliquando
699 3547 814 3646 inepta
831 3547 1025 3636 clamitant,
1044 3547 1102 3622 hic
1115 3558 1247 3641 autem,
1268 3529 1270 3533 ⁸

184 3682 225 3743 ut
243 3670 425 3744 hominem
446 3671 545 3745 decet
568 3671 759 3770 sapientem
784 3681 818 3746 et
838 3671 942 3746 unica
968 3672 1124 3748 discendi
1148 3674 1249 3770 cupi-

190 3790 295 3864 ditate
315 3790 522 3879 incensum,
547 3800 708 3865 accurate
725 3791 896 3889 perquirit
918 3791 1003 3889 quid
1026 3814 1080 3866 res
1104 3813 1250 3887 quaeque

189 3909 332 3999 habeat,
351 3921 386 3984 et
399 3910 491 4007 quod
511 3910 585 3983 haec
602 3932 680 3984 vere
698 3919 750 3984 est
766 3909 809 3983 ab
828 3933 868 3984 eo
882 3910 974 4005 quod
991 3908 1159 3984 mentitur
1176 3908 1252 3981 dili-

189 4043 314 4128 genter
332 4032 492 4107 secernit.
512 4030 599 4105 Cum
625 4030 785 4106 homines
801 4031 837 4104 in
861 4030 1021 4104 Couuu'uio
1034 4029 1153 4126 jocose
1170 4028 1252 4102 illu·

190 4154 241 4227 dit
259 4154 381 4244 Plato,
404 4153 445 4226 de
465 4153 623 4250 pulchris
646 4153 821 4242 versibus,
843 4151 885 4225 de
911 4149 1067 4249 pulchris
1088 4150 1252 4224 orationi-
