3042 5086
658 471 699 544 itt

147 633 220 686 non
239 611 333 686 dicat
354 620 511 709 poetam,
534 615 594 711 qui
621 624 770 712 occupet
792 614 952 689 homines
978 615 1125 688 llumina
1152 615 1217 689 iter

148 731 276 806 melius
305 731 489 821 docentes,
519 742 578 807 aut
605 732 647 808 de
674 732 817 830 reliquis
845 733 1015 807 Amerieae
1040 734 1147 808 servis
1179 734 1215 806 in

148 855 346 930 libertatem
364 855 581 930 vindicandis
605 854 813 952 cogitanteS,
834 866 895 929 aut
913 855 1066 930 intentos
1084 855 1127 929 ad
1144 856 1215 930 Ita-

147 974 233 1047 liam
247 975 375 1074 Jugum
390 976 624 1052 excutientem
637 988 671 1052 et
689 977 830 1072 antiqua
845 976 913 1051 lata
930 985 1161 1074 repetentem,
1177 987 1217 1049 ut

148 1116 275 1168 eorum
288 1105 368 1170 ante
386 1095 506 1170 oculos
521 1095 794 1194 Agamemnonis
812 1095 958 1170 domum
977 1105 1168 1193 proponat,
1183 1105 1219 1168 et

147 1211 252 1288 Atrea
271 1225 323 1288 tot
345 1215 535 1292 sceleribus
555 1227 777 1314 coopertum,
803 1226 837 1288 et
854 1214 954 1289 toties
973 1215 1086 1289 scenis
1106 1214 1216 1310 agita-

148 1347 225 1410 tum
247 1336 421 1428 Orestem,
440 1339 575 1436 hosque
597 1360 718 1412 omnes
741 1358 895 1434 quorum
919 1337 1081 1426 uomina,
1107 1335 1215 1411 diaria

149 1457 316 1554 legende,
341 1459 416 1558 jam
438 1461 537 1536 obliti
555 1461 709 1535 luimus?
732 1459 790 1534 Sic
808 1459 926 1534 stoicis
950 1459 1078 1535 nostris
1101 1457 1229 1536 divina'

152 1591 188 1653 et
205 1581 360 1656 humana
378 1605 526 1681 quaeque
544 1583 643 1680 quasi
661 1606 701 1656 ex
718 1582 787 1657 alto
805 1580 1110 1657 considerantibus
1129 1606 1216 1658 nau-

156 1724 231 1776 seas
253 1727 391 1781 movere
416 1706 575 1781 solebant
591 1706 647 1780 isti
664 1715 794 1804 poetae,
818 1704 878 1804 qui
901 1715 1045 1781 centum
1063 1728 1124 1781 ura
1150 1706 1219 1780 lin-

152 1846 307 1921 guasque
325 1827 472 1902 totidem
488 1827 695 1926 poscebant,
714 1840 754 1902 ut
777 1850 890 1902 meras
915 1838 1125 1926 exponerent
1146 1851 1217 1902 nu-

150 1972 212 2046 gas
237 1959 272 2024 et
294 1950 457 2026 historias
479 1975 557 2050 quae
571 1952 784 2051 jampridem
807 1963 1022 2028 exaruerant.
1049 1952 1143 2037 Quos
1163 1952 1218 2025 his

149 2074 308 2150 versibus
323 2073 459 2174 egregie
473 2076 675 2175 perstrinxit
691 2075 851 2150 Persius:

259 2273 368 2331 Grande
383 2273 503 2331 locuturi
517 2274 632 2332 nebulas
645 2274 777 2332 Helicone
791 2274 918 2345 legunto,

260 2366 288 2422 si
302 2367 403 2439 quibus
416 2372 464 2426 aut
475 2369 611 2438 Procnes,
626 2371 674 2424 aut
685 2367 709 2422 si
723 2366 824 2436 quibus
838 2366 892 2422 olla
906 2366 1033 2437 Thyestae

261 2463 399 2536 Fervebit,
415 2477 489 2536 saepe
503 2463 609 2521 insulso
625 2462 759 2520 coenanda
772 2460 887 2533 Glyconi
899 2462 918 2518 ¹.

152 2638 188 2703 et
202 2627 287 2703 alibi
301 2653 309 2701 :

263 2829 323 2888 Non
337 2827 464 2900 equidem
475 2828 527 2886 hoc
542 2827 655 2898 studeo,
670 2827 782 2887 bullatis
797 2831 825 2885 ut
838 2827 903 2885 mihi
919 2828 1000 2898 nugis

263 2927 364 2998 Pagina
377 2931 531 2998 turgescat,
545 2927 610 2984 dare
621 2926 730 2999 pondus
745 2927 845 2984 idonea
860 2925 935 2983 inmo
946 2924 965 2981 ².

207 3115 298 3203 Quid
315 3113 382 3189 sihi
399 3114 536 3202 volunt,
556 3134 688 3210 quaeso,
712 3122 837 3210 poetae,
855 3134 920 3186 nec
939 3131 1056 3197 sensa,
1077 3130 1141 3192 nec
1159 3130 1221 3182 co·

156 3241 262 3338 gitata
284 3238 326 3315 ab
352 3237 436 3337 ipsis
459 3236 677 3312 ellutientes‘?
696 3235 736 3310 In
761 3236 919 3309 idemne
942 3234 1127 3307 conferunt
1147 3241 1224 3304 stu-

158 3360 278 3450 dium,
302 3371 341 3435 ut
358 3359 533 3435 auditores
560 3358 649 3434 bene
667 3357 839 3456 excipiant
856 3379 964 3454 apoc,
990 3366 1024 3430 et
1046 3333 1223 3428 interdum

159 3481 336 3568 decenter,
356 3479 454 3568 bene,
473 3479 621 3579 pulchre
641 3479 849 3567 exclament,
869 3476 1091 3572 universique
1110 3498 1225 3549 assur-

158 3610 253 3698 gant.
273 3598 399 3674 Omnia
414 3599 479 3673 ista
494 3611 655 3698 poemata
671 3599 714 3672 ad
730 3598 997 3673 ostentationem
1014 3596 1225 3695 composita,

158 3725 277 3798 fucato
302 3721 415 3797 nitore
437 3722 644 3821 spectanda,
670 3744 710 3796 ac
733 3744 857 3819 parum
881 3721 922 3794 iis
945 3721 1125 3794 dissimilia
1148 3744 1226 3816 quae

159 3856 279 3921 noster
298 3844 464 3920 Molerius
484 3854 555 3920 tam
574 3845 700 3919 acriter
717 3844 913 3940 exagitavit,
936 3843 1031 3917 idem
1054 3842 1112 3916 ille
1134 3842 1223 3915 Per·

196 4094 347 4168 ¹Persius,
363 4099 424 4153 Sat.
439 4096 470 4168 V,
485 4111 509 4154 v.
523 4097 550 4153 7.
662 4111 665 4118 ·

198 4189 210 4228 2
224 4189 320 4264 Idem,
333 4206 357 4250 v.
374 4197 417 4251 to.
