3002 5084
656 499 729 573 117

143 644 249 720 credo
268 645 393 720 multa
420 643 593 746 praeclara,
614 643 857 731 inventurum,
885 609 1024 739 quaein
1055 643 1221 742 operibus

142 764 373 863 quibusdam
390 765 536 864 pleniori
561 766 640 840 luce
663 762 926 862 splendentibus
951 763 1077 836 frustra
1102 765 1220 861 requi-

144 901 211 979 rat,
231 901 269 966 et
288 912 376 987 quae
392 889 506 965 decies
525 888 669 987 repetita
687 886 802 962 decies
820 885 850 960 ei
869 885 1068 984 placebunt.

557 1273 702 1350 CAPUT
727 1273 831 1349 Xllll.

444 1441 489 1495 uu
506 1439 653 1495 uenturo
669 1439 783 1495 rouro
799 1438 933 1494 sromo.

196 1636 327 1722 Quum
343 1637 444 1713 nobis
458 1650 549 1713 esset
562 1638 598 1712 in
615 1637 748 1728 animo,
765 1655 836 1712 uno
849 1635 1044 1734 eodemque
1058 1635 1225 1712 orationis

149 1769 268 1835 tractu
284 1783 460 1859 exponere
478 1760 563 1858 quid
578 1761 763 1836 satirarum
787 1760 974 1858 scriptores
992 1758 1059 1834 sibi
1077 1759 1226 1856 quisque

148 1899 167 1950 e
191 1881 396 1956 stoicorum
415 1880 637 1978 dogmatibus
655 1881 946 1978 assumpsissent,
977 1900 1042 1953 nec
1070 1877 1226 1952 medium

149 1999 371 2101 intercipere
388 2026 493 2100 quem
512 2025 551 2078 ea
567 2003 610 2078 de
625 2025 662 2077 re
680 2001 890 2076 haberemus
905 2021 1120 2089 sermonem,
1141 1996 1226 2074 alios

150 2125 342 2224 paulisper
358 2125 542 2200 omisimus
560 2135 697 2224 poetas,
720 2122 762 2198 de
780 2121 909 2219 quibus
927 2143 1023 2195 nunc
1045 2129 1097 2194 est
1117 2119 1227 2194 disse·

150 2247 368 2338 rendum,a
399 2246 539 2322 Manilio
557 2246 655 2320 initio
681 2247 789 2334 lacto,
818 2244 897 2342 qui,
926 2242 1083 2340 Augusto
1110 2242 1225 2339 impe-

152 2382 275 2462 rante,
292 2371 452 2446 floruisse
470 2371 634 2446 creditur.
654 2369 738 2468 Ejus
753 2390 857 2467 opuS,
877 2377 995 2465 utpote
1008 2365 1051 2439 de
1069 2375 1226 2440 astrono-

153 2494 261 2570 micis
287 2496 476 2594 soriptum‚
495 2496 579 2570 huic
604 2494 798 2568 litterarum
816 2491 934 2588 generi
954 2489 1226 2565 adscribendum

154 2627 228 2707 est,
245 2616 343 2714 quod
367 2617 484 2692 estad
509 2617 707 2693 docendum
732 2614 881 2690 maxime
899 2612 1224 2703 accommodatum,

154 2747 189 2810 et
207 2738 307 2837 quod
327 2739 405 2813 ideo
423 2740 533 2815 nostri
552 2740 758 2820 διδακτικὸν
779 2760 891 2836 graeco
910 2737 1053 2812 nomine
1076 2735 1226 2834 appella·

153 2872 302 2951 verunt,
326 2885 396 2958 quo
422 2885 548 2960 genere
575 2863 731 2948 nullum,
764 2886 820 2936 me
847 2862 990 2958 quidem
1013 2860 1152 2958 judice,
1181 2860 1224 2934 ad

154 2980 376 3078 explananda
394 2981 586 3055 stoicorum
605 2980 731 3078 placita
762 3003 918 3076 unquam
948 2980 1012 3053 luit
1039 2979 1165 3077 aplius.
1189 2979 1226 3054 Si

156 3104 238 3198 quis
257 3103 371 3192 enim,
400 3103 556 3178 doctrina
581 3115 616 3175 et
639 3101 779 3197 ingenio
803 3124 874 3175 non
900 3102 1014 3199 impar
1040 3101 1224 3192 Lucretio,

156 3232 271 3298 totam
286 3224 378 3297 hanc
396 3221 619 3320 disciplinam
641 3221 856 3294 carminibus
882 3221 1062 3318 amplexus
1086 3221 1224 3312 suisset,

158 3357 193 3420 et
226 3346 383 3421 docentis
409 3345 512 3421 modo
539 3345 778 3443 explicuisset,
805 3345 1006 3443 praeclarius
1037 3344 1158 3434 etiam,
1186 3355 1226 3419 ut

154 3464 230 3562 jam
248 3487 352 3563 supra
372 3465 538 3553 diximus,
557 3486 663 3561 quam
689 3463 836 3538 illustris
859 3464 916 3537 ille
941 3464 1085 3562 Epicuri
1113 3465 1224 3540 inter-

158 3609 258 3684 pres,
276 3608 400 3685 poema
427 3585 696 3685 composuisset,
723 3585 922 3661 uberiorem
945 3585 1080 3662 scilicet
1103 3597 1227 3663 nactus
1316 3675 1322 3689 g

159 3709 351 3784 materiam.
369 3708 459 3794 Quin
476 3709 600 3799 etiam,
616 3709 821 3783 universum
835 3710 903 3784 hoo
918 3731 1006 3809 opus
1020 3732 1090 3783 non
1104 3709 1226 3808 paucis

134 3820 329 3928 'potuisset
361 3854 527 3906 exornare
558 3844 651 3906 extra
687 3845 934 3930 argumentum
966 3832 1106 3931 positis,
1139 3833 1225 3908 dum

159 3956 269 4029 multa
292 3955 484 4052 prudenter
508 3966 542 4028 et
568 3955 717 4044 sortiter,
740 3956 833 4053 juste
859 3965 893 4029 et
919 3964 1108 4053 temperate
1135 3955 1225 4031 lacta

160 4078 315 4154 versibus
337 4077 529 4167 retulisset,
556 4101 634 4175 quae
658 4078 754 4153 omni
782 4077 1044 4176 pulchritudine
1070 4078 1228 4170 honesti,

161 4202 300 4298 qualem
311 4201 496 4276 eamstoici
508 4212 622 4274 mente
632 4200 1222 4296 comprehenderunt,effulsissent.
