3002 5084
802 538 850 612 86

340 681 475 767 Quibus
505 704 544 757 ex
574 681 738 758 omnibus
769 691 865 781 patet
890 693 1040 759 veterem
1069 680 1172 756 illum
1200 690 1358 778 poetam,

291 800 367 896 qui,
390 811 430 874 ut
451 800 687 876 Lactantianis
709 812 789 876 utar
811 803 943 893 verbis,
971 801 1069 877 «Diis
1095 814 1129 875 et
1153 799 1358 875 hominibus

291 947 361 998 non
378 925 550 1022 pepercit,
566 951 583 996 a
604 948 714 1023 quum
728 926 1004 1025 philosophiam,
1017 936 1093 1001 tum
1112 925 1262 1002 maxime
1278 925 1357 1024 phi-

292 1042 487 1140 losophiam
507 1045 653 1118 stoicam
673 1044 834 1119 coluisse.

339 1165 453 1239 Erunt
480 1168 624 1240 fortasse
654 1167 714 1264 qui
743 1167 830 1240 mihi
863 1167 1048 1266 objiciant,
1077 1173 1171 1265 quod
1198 1167 1359 1242 Lucilius

289 1283 375 1359 adeo
393 1306 464 1360 non
480 1285 742 1376 stoicissaverit,
759 1296 797 1360 ut
815 1298 935 1362 contra
955 1287 1066 1363 verbis
1086 1289 1257 1388 carpserit
1273 1289 1359 1364 stoi-

290 1429 360 1481 cos.
379 1407 507 1483 Lucilii
521 1409 616 1483 enim
634 1409 670 1483 hi
688 1421 772 1484 suot
786 1431 929 1485 versus:

397 1664 404 1681 .
442 1663 449 1678 .
490 1662 498 1678 .
534 1622 1094 1683 .Nondumetlamhaecomnlahabehit.

397 1719 560 1790 Formosus,
576 1718 668 1790 dives,
686 1719 771 1790 liber,
788 1733 836 1780 rex
853 1720 923 1777 solu’
940 1725 1063 1778 vocetur.

339 1901 402 1976 His
417 1913 534 1977 autem
549 1904 680 1995 verbis,
696 1905 854 2001 quamvis
869 1915 986 1980 essent
1000 1905 1163 1994 clariora,
1181 1904 1360 1980 Lucilium

293 2050 364 2103 non
382 2029 431 2104 ita
448 2030 554 2105 luisse
571 2029 690 2104 stoicis
708 2030 906 2121 addictum,
925 2041 964 2104 ut
980 2029 1017 2104 in
1038 2052 1159 2105 eorum
1182 2031 1287 2106 verba
1301 2033 1360 2130 ju-

291 2162 400 2242 raret,
413 2162 551 2227 tantum
563 2152 779 2245 vinearetum
793 2174 875 2228 eum
891 2163 1008 2229 autem
1024 2175 1094 2228 non
1104 2152 1184 2250 plus
1199 2152 1359 2230 minusve

292 2275 559 2367 stoicissavisse,
574 2276 672 2353 nullo
691 2277 806 2352 modo.

340 2398 425 2472 Post
441 2397 637 2490 Lucilium,
656 2399 779 2475 satiras
797 2420 956 2496 quoque,
974 2398 1034 2473 sed
1058 2421 1116 2474 eas
1142 2421 1213 2473 non
1232 2421 1359 2497 parum

294 2520 419 2595 diversi
438 2522 591 2617 generis,
606 2522 746 2621 scripsit
759 2521 893 2612 Varro,
908 2521 936 2596 is
962 2522 1022 2619 qui
1041 2521 1265 2597 doctissimus
1289 2521 1360 2596 Ro-

295 2663 482 2716 manorum
496 2641 562 2714 fuit
579 2642 784 2740 appellatus.
804 2642 870 2715 Hic
887 2654 1005 2716 tamen
1024 2663 1105 2715 cum
1120 2641 1180 2714 illo
1200 2641 1236 2715 id
1254 2640 1361 2715 habet

295 2765 503 2853 commune,
521 2763 615 2861 quod
629 2763 743 2838 ‘multa
762 2787 780 2838 e
802 2763 1094 2861 philosophorum
1117 2762 1281 2860 operibus
1300 2763 1360 2838 de-

296 2893 456 2986 prompta
471 2883 544 2957 suis
564 2883 600 2956 in
618 2883 775 2958 versibus
795 2883 979 2958 conclusit.
1001 2881 1213 2962 Cumenim
1233 2884 1362 2959 viveret

295 3006 389 3104 apud
407 3005 568 3080 homines
587 3029 603 3079 a
622 3005 844 3104 philosophia
862 3006 1133 3095 remotissimos,
1151 3016 1191 3079 ut
1215 3004 1258 3078 ad
1282 3027 1361 3081 eam

296 3130 400 3204 rudes
419 3138 453 3202 et
471 3151 605 3202 aversas
627 3127 852 3225 popularium
876 3138 1010 3202 mentes
1032 3126 1202 3216 alliceret,
1220 3128 1361 3224 sapien-

296 3255 383 3328 tium
403 3254 550 3350 placita,
569 3231 679 3349 quum
698 3251 920 3326 sermonibus
936 3251 1118 3342 distincta,
1135 3260 1210 3324 tum
1228 3249 1361 3325 facetiis

296 3378 455 3469 condita,
482 3379 517 3451 in
547 3378 661 3452 lucem
689 3377 852 3476 protulit;
876 3378 911 3450 in
940 3399 1009 3473 quo
1038 3376 1134 3450 hunc
1160 3398 1303 3474 poeseos
1328 3386 1362 3451 et

297 3500 526 3601 philosophiae
544 3512 772 3592 concentum,
799 3525 905 3598 quem
923 3500 1129 3598 quaerimus,
1148 3501 1284 3576 efficere
1300 3522 1361 3574 co-

297 3634 399 3699 natus
417 3633 477 3697 est.
497 3623 623 3696 Utrum
643 3647 721 3698 vero
737 3624 788 3697 vir
802 3623 959 3698 doctrina
976 3623 1234 3698 eruditissimus
1246 3622 1359 3696 idem-

296 3765 363 3840 que
391 3742 530 3837 ingenio
561 3743 752 3817 acerrimus
783 3742 877 3839 quod
906 3743 972 3817 sihi
1004 3754 1232 3841 proposuerat
1257 3743 1363 3818 luerit

297 3873 517 3978 consecutus
533 3885 661 3952 necne,
690 3864 910 3961 paucissimae
932 3865 1041 3963 ipsius
1068 3865 1254 3939 satirarum
1281 3866 1361 3940 reli-

297 3988 387 4087 quiae
405 4008 469 4062 nos
487 3996 580 4062 recte
599 3986 790 4084 dijudicare
809 4009 880 4062 non
903 3989 1033 4062 sinunt.

346 4109 436 4184 Cum
465 4118 583 4208 autem
606 4107 736 4199 Varro,
763 4111 890 4184 teneris
919 4110 962 4185 ab
990 4109 1108 4201 annis,
1129 4108 1360 4210 philosophiae

297 4253 438 4328 operam
466 4230 670 4322 paravisset,
687 4228 861 4304 Antiocho
880 4230 1063 4326 magistro,
1084 4231 1143 4328 qui
1161 4231 1253 4306 inter
1274 4231 1358 4305 Car·
