3042 5086
780 525 828 600 26

282 670 443 745 homines
472 671 515 745 de
543 670 700 746 versibus
728 671 798 746 illis
827 681 862 747 et
891 671 1041 746 sentient
1071 681 1105 746 et
1132 671 1370 770 loquentur!

278 791 381 866 Unus
398 791 484 866 nihil
509 793 576 866 nisi
592 791 712 880 verba,
731 792 818 866 alter
842 790 930 864 nihil
948 791 1013 865 nisi
1033 791 1233 866 sententias
1254 813 1374 866 cura-

278 912 349 1004 bit;
367 913 425 986 ille
446 913 567 988 breves
587 922 621 987 et
638 912 758 1010 longas
776 911 940 987 metietur
962 911 1132 1011 syllabas,
1149 914 1213 987 hic
1235 924 1373 987 autem

165 1055 167 1060 ·
279 1059 385 1135 quam
405 1037 576 1137 praecipiti
595 1037 774 1135 rapiamur
788 1035 928 1111 turbine
940 1036 1121 1133 cogitabit,
1135 1047 1169 1112 et
1182 1060 1265 1135 quo
1284 1039 1372 1112 bre·

281 1157 355 1229 vior
373 1139 423 1230 sit¹
444 1157 529 1247 vita,
547 1179 587 1232 eo
607 1155 789 1231 meliorem
814 1178 891 1230 eam
918 1155 1144 1231 arbitrabitur
1167 1179 1253 1232 esse
1286 1156 1370 1230 elfi-

279 1277 451 1354 ciendam.

329 1402 365 1476 Si
376 1403 464 1476 forte
478 1400 655 1477 Ciceronis
669 1401 721 1476 De
734 1401 925 1501 Republica
936 1401 1018 1475 libri
1029 1400 1065 1474 in
1077 1401 1318 1497 grammatici
1332 1411 1371 1474 et

282 1528 318 1600 in
334 1526 535 1624 philosophi
553 1549 679 1601 manus
695 1527 898 1615 inciderint,
916 1527 973 1602 hic
988 1527 1104 1601 omnia
1120 1550 1198 1623 quae
1212 1527 1265 1601 de
1280 1527 1369 1625 jus-

281 1649 356 1722 titia
376 1649 469 1723 eoin
488 1670 591 1746 opere
609 1647 798 1723 dictasunt
815 1650 978 1738 miratus,
994 1672 1034 1724 ea
1051 1649 1123 1722 suis
1141 1649 1258 1748 ipsius
1277 1671 1368 1722 mo·

281 1771 409 1845 mentis
427 1770 653 1869 ponderabit;
671 1772 737 1846 ille·
751 1749 830 1847 vero
853 1773 1027 1848 veteribus
1043 1783 1077 1846 et
1087 1774 1160 1870 Jam
1179 1773 1366 1849 obsoletis

281 1894 413 1984 verbis,
430 1919 566 1995 reapse,
580 1920 692 1995 sepse,
708 1908 742 1970 et
755 1896 867 1986 coloe,
881 1897 1104 1971 vehementer
1128 1909 1363 1986 commotuS,

283 2019 325 2094 ad
341 2019 399 2093 illa
414 2019 674 2095 commentariis
688 2015 893 2095 illustranda
907 2042 982 2094 sese
1001 2020 1218 2118 comparabit
1235 2032 1276 2096 et
1295 2043 1363 2094 ac-

282 2143 407 2238 cinget.
424 2142 470 2215 Ut
485 2141 558 2239 apis
576 2151 610 2217 et
630 2142 693 2216 bos
708 2143 832 2217 eodem
855 2142 892 2216 in
911 2153 1028 2240 prato,
1047 2143 1097 2216 sic
1112 2142 1360 2242 philosophus

280 2276 315 2338 et
332 2264 582 2360 grammaticus
597 2266 720 2340 eodem
735 2265 770 2339 in
794 2264 884 2341 libro
897 2264 1040 2338 diversis
1058 2275 1266 2363 pascuntur.
1289 2265 1360 2340 Sa-

282 2388 326 2462 tis
346 2400 463 2462 autern
489 2399 632 2486 apparet
657 2400 776 2463 utrum
799 2388 858 2478 sit,
888 2387 1018 2461 Seneca
1046 2387 1189 2484 quidem
1208 2387 1359 2486 judice,

280 2510 449 2606 pabulum
464 2510 638 2584 salubrius
655 2510 824 2606 alterique
839 2491 1134 2608 anteponendum.

327 2628 411 2714 Quae
429 2651 512 2703 cum
530 2628 702 2702 senserint
719 2629 819 2703 stoici
838 2652 920 2702 cum
939 2629 981 2703 de
1007 2629 1172 2704 omnibus
1187 2627 1357 2727 discipli-

280 2750 350 2838 nis,
370 2760 446 2823 tum
472 2748 666 2845 praesertim
685 2749 728 2822 de
747 2747 922 2822 scribendi
941 2770 1087 2844 genere,
1106 2747 1226 2822 mirari
1254 2747 1355 2822 desi-

278 2891 404 2943 namus
423 2870 452 2942 si
470 2890 593 2943 eorum
611 2867 768 2967 plerique
793 2890 870 2942 eam
890 2877 1001 2941 artem
1023 2866 1238 2964 neglexerint
1257 2890 1353 2965 pau-

279 2995 410 3084 lulum,
429 3016 535 3092 quam
554 3014 625 3066 non
644 2992 690 3067 ita
709 2991 828 3089 magni
846 2990 1028 3067 iaciebant.
1049 2991 1134 3064 Inde
1148 2990 1352 3088 proiectum

278 3127 330 3191 est
348 3115 442 3191 istud
467 3115 645 3191 scribendi
667 3137 778 3213 genus
805 3124 965 3203 acutum,
992 3112 1137 3204 subtile,
1157 3113 1217 3187 sed
1240 3113 1350 3202 exile,

276 3241 456 3339 jejunum,
481 3240 760 3328 subobscurum,
786 3237 885 3312 valde
911 3238 1102 3312 abhorrens
1130 3237 1173 3311 ab
1199 3236 1350 3310 auribus

279 3364 391 3459 vulgi,
418 3364 510 3461 quod
537 3387 627 3462 saepe
648 3365 713 3438 luit
736 3362 885 3438 aMarco
913 3361 1026 3436 Tullio
1049 3361 1149 3459 quasi
1169 3360 1349 3434 advirum

280 3507 511 3582 expressum:
540 3485 679 3558 «stoica
705 3484 845 3558 haeresis
872 3482 1010 3556 nullum
1041 3481 1199 3578 sequitur
1223 3480 1350 3554 florem

282 3602 469 3691 orationis,
494 3625 607 3698 neque
626 3602 747 3676 dilatat
765 3610 1032 3697 argumentum,
1051 3598 1111 3673 sed
1130 3597 1275 3672 minutis
1292 3597 1349 3670 in-

280 3725 599 3822 terrogatiunculis,
610 3725 709 3824 quasi
722 3723 874 3823 punctis,
890 3722 983 3820 quod
997 3721 1344 3820 proposuitelfrcitt»

283 3847 403 3942 ltaque
426 3844 605 3934 Porticus,
628 3847 739 3943 prima
765 3844 907 3942 quidem
934 3843 1066 3942 specie,
1087 3843 1223 3918 videtur
1252 3841 1347 3937 quod
1391 3853 1397 3878 ‘

281 3971 439 4045 oratoriae
457 3982 491 4046 et
508 3960 651 4068 poeticae
669 3971 734 4066 arti
752 3969 938 4068 excogitari
960 3980 1064 4066 queat
1081 3967 1343 4066 repugnantius.

322 4261 330 4297 ¹
348 4260 404 4317 Cic.
420 4263 534 4317 Porod.
549 4263 633 4318 Stoic.
651 4264 759 4316 Proem.
