3002 5084
656 535 728 611 135

108 719 113 730 ·
130 692 263 781 poeta,
280 693 364 760 turn
383 694 504 762 utrum
522 684 650 762 stoicos
669 707 714 760 an
732 684 889 760 rhetores
906 680 1128 788 potissimum
1151 682 1217 758 du·

131 830 192 882 ces
212 820 396 906 sequetur
407 809 567 910 judicatu
583 808 724 884 difficile
739 819 801 883 est.
817 806 906 884 Cum
919 803 1036 882 omnia
1051 827 1218 904 quaecun-

131 952 204 1026 que
225 930 376 1027 egregie
393 930 535 1005 suerunt
556 941 634 1006 acta
652 930 688 1004 in
706 929 767 1004 illo
790 929 998 1018 certamine,
1018 928 1111 1025 quod
1128 926 1220 1003 inter

130 1052 387 1130 Massilienses
405 1067 439 1129 et
456 1055 635 1130 Romanos
658 1063 817 1130 exortum
836 1061 904 1144 est,
921 1051 1101 1142 describit,
1118 1051 1217 1150 juve·

108 1225 112 1232 -
132 1199 223 1251 nem
245 1186 429 1253 memorat
443 1177 522 1276 qui,
546 1176 712 1253 manibus
729 1175 900 1251 ambabus
923 1175 1076 1250 vicissim
1094 1197 1218 1274 ampu-

132 1302 243 1393 tatis,
276 1302 357 1402 ipso
381 1311 509 1376 trunco
534 1324 616 1377 suos
643 1309 824 1400 protegere
850 1299 994 1394 gaudet,
1020 1307 1054 1374 et
1077 1297 1219 1374 tandem

134 1422 320 1498 hostilem
340 1421 376 1496 in
395 1443 518 1496 navem
536 1419 627 1499 saltu
654 1419 797 1510 emicat,
822 1418 895 1518 ipsa
921 1430 1034 1496 morte
1051 1419 1221 1497 homenis

136 1545 285 1620 damno
301 1546 440 1620 iuturus
455 1545 479 1618 ¹.
497 1542 587 1631 Hoc,
616 1543 740 1634 fateor,
764 1543 945 1616 rhetorum
971 1541 1087 1640 potius
1113 1565 1219 1641 quam

136 1668 348 1744 stoicorum
367 1664 564 1741 adscribam
582 1663 740 1763 exemplo
759 1673 794 1738 et
812 1663 1028 1755 auctoritati,
1048 1663 1116 1739 nisi
1133 1665 1220 1741 sorte

136 1790 333 1868 lustinum
349 1791 547 1880 rhetorem,
566 1791 686 1864 eadem
706 1811 814 1888 prope
833 1789 875 1864 de
886 1789 1053 1887 Cynegira
1068 1789 1219 1866 reseren-

138 1926 242 2006 tem,
263 1912 455 1990 contendas
473 1913 581 1988 stoice
599 1935 739 2012 quoque
755 1913 915 1988 sensisse.

193 2039 294 2127 Quid
313 2039 428 2114 dicam
442 2037 485 2113 de
503 2037 639 2112 Vulteio
652 2037 729 2127 ssto,
747 2036 875 2135 qui„in
893 2045 1016 2134 quarto
1029 2035 1219 2115 Pharsaliae

140 2161 262 2254 lihr0,
281 2172 375 2237 tanta
402 2185 484 2238 cum
513 2161 715 2236 fortitudine
739 2160 893 2235 animam
920 2160 1088 2237 effundit?
1104 2161 1218 2256 Eum,

142 2297 186 2361 ut
206 2310 282 2363 non
300 2287 404 2386 plane
420 2285 588 2378 stoicum,
605 2285 734 2384 quippe
760 2283 820 2382 qui
838 2293 969 2382 pugnet
987 2293 1107 2360 contra
1125 2309 1218 2362 rem·

143 2411 350 2509 publicam,
367 2410 413 2484 ita
440 2408 660 2507 aliquantum
685 2409 836 2483 stoicum
853 2417 969 2484 tamen
989 2409 1216 2508 crediderim;

145 2560 256 2628 nam,
273 2535 465 2611 stoicorum
479 2557 594 2625 more,
610 2535 653 2609 ad
669 2533 865 2609 libertatem
885 2532 1123 2628 retinendam,
1137 2536 1218 2615 sibi·

146 2661 292 2760 metipsi
309 2660 415 2735 vitam
443 2659 564 2758 eripit,
583 2657 911 2758 commilitonesque
936 2659 979 2736 ad
1004 2659 1039 2736 id
1057 2661 1216 2753 adducit,

147 2799 192 2864 ut
208 2799 281 2864 tam
299 2809 468 2884 magnum
486 2795 678 2881 sequantur
692 2784 890 2883 exemplum
899 2786 923 2858 ².

199 2915 296 2990 Inter
310 2913 437 2988 stoicos
452 2935 591 3010 quoque
603 2921 725 2987 utrum
738 2911 783 2985 sit
798 2909 1086 2985 annumerandus
1104 2931 1216 2986 necne

148 3037 273 3113 dubito
291 3035 351 3110 hio
369 3034 527 3110 Metellus
546 3034 624 3131 qui,
647 3057 730 3107 cum
747 3033 880 3122 Gaesar,
896 3031 1014 3108 omnia
1032 3033 1216 3130 magistra·

149 3172 252 3233 tuum
268 3167 303 3232 et
320 3155 437 3253 legum
458 3154 597 3244 munia,
619 3153 717 3226 nullo
735 3153 958 3244 adversante,
975 3150 1042 3227 sibi
1059 3152 1215 3229 vindica·

149 3277 269 3366 visset,
288 3286 323 3350 et
347 3297 386 3350 eo
404 3273 555 3349 venisset
580 3273 727 3363 luroriS,
754 3281 794 3346 ut
817 3271 958 3347 Saturni
980 3273 1102 3371 templi
1124 3274 1215 3350 iores

150 3397 334 3492 effringere
350 3395 471 3486 vellet,
488 3407 523 3468 et
537 3393 695 3492 publicas
714 3415 797 3491 opes
812 3415 952 3491 rapere,
970 3392 1078 3490 impio
1096 3393 1214 3490 legum

149 3519 306 3596 violatori
322 3518 477 3593 animose
491 3516 638 3606 obstitit,
653 3526 756 3614 atque
769 3515 899 3591 uiribus
910 3537 959 3604 =aa
967 3516 1102 3616 possint
1113 3515 1215 3593 obsis·

150 3655 222 3719 tere
226 3645 315 3741 juro
327 3653 487 3740 expertus
503 3652 555 3717 est
566 3643 590 3717 ³.
605 3642 753 3740 Quoquo
771 3641 875 3716 modo
893 3663 929 3716 se
946 3663 986 3716 ea
1003 3664 1058 3717 res
1072 3640 1213 3734 habeat,

150 3767 208 3844 hic
226 3776 319 3842 certe
336 3764 401 3841 sub
420 3775 520 3865 poeta
540 3765 769 3866 philosophus
794 3765 894 3858 latet,
916 3777 950 3842 et
975 3766 1068 3863 apud
1085 3765 1215 3842 Home-

186 4093 195 4130 ¹
209 4091 323 4163 chors,
337 4092 356 4150 l.
369 4091 416 4164 lll,
431 4107 456 4149 v.
471 4096 532 4151 ott.

185 4184 322 4258 ’Pham
335 4184 355 4242 l.
369 4186 414 4257 tv,
429 4199 453 4242 v.
469 4187 530 4242 tto.

186 4283 324 4354 ³Plrura.‚
338 4282 356 4340 l.
370 4283 420 4356 111,
434 4297 459 4339 v.
475 4285 535 4341 tlh.
