3042 5086
816 526 860 602 le

308 675 408 749 stoici
425 675 634 773 praedicant,
654 696 774 750 secum
793 684 931 773 reputet
943 697 1049 772 quam
1067 696 1175 775 prope
1189 680 1379 754 accesserit

306 800 348 872 ad
367 799 625 873 Providentiam
645 811 799 874 nostram
819 801 929 875 satum
951 800 1038 875 illud
1057 801 1226 894 stoicum,
1245 803 1378 902 quippe

306 919 399 1015 quod
417 919 505 994 nihil
524 929 602 1018 agat
626 920 694 994 nisi
721 919 871 1018 optime,
890 931 924 994 et
950 921 1024 1020 ipsa
1049 923 1142 996 mala
1170 923 1213 996 ad
1238 922 1376 998 bonum

304 1043 460 1117 reducat.

352 1167 386 1240 Si
408 1166 450 1242 de
469 1166 556 1241 coelo
582 1165 618 1240 in
637 1177 767 1240 terram
785 1167 1102 1259 descenderimus:
1115 1178 1149 1242 et
1173 1169 1222 1257 si,
1249 1169 1376 1246 divinis

304 1287 408 1362 rebus
426 1287 573 1378 relictiS,
592 1309 670 1385 quae
688 1286 731 1361 de
750 1286 935 1362 hominum
953 1287 1021 1361 vita
1039 1298 1074 1362 et
1091 1287 1251 1364 moribus
1271 1289 1374 1366 stoici

304 1411 478 1485 senserint
501 1411 761 1508 quaesierimus
788 1410 992 1510 pulchriora
1018 1411 1135 1486 forsan
1152 1412 1373 1488 inveniemus

303 1543 338 1605 et
351 1533 476 1631 majori
490 1533 596 1607 etiam
610 1531 842 1608 admiratione
857 1533 971 1630 digna.
985 1533 1070 1620 Quis
1085 1535 1222 1631 ignorat
1233 1547 1372 1610 nostros

303 1654 531 1753 philosophos
546 1655 634 1728 nihil
653 1677 810 1753 unquam
827 1657 1030 1732 hominibus
1050 1657 1248 1732 accuratius
1264 1681 1373 1757 praes-

304 1779 466 1878 cripsisse
494 1803 601 1876 quam
633 1789 673 1853 ut
700 1791 835 1855 naturae
864 1781 1109 1856 convenienter
1139 1781 1308 1872 viverent,
1337 1791 1373 1856 et

303 1903 413 1994 hanc,
431 1904 560 2001 deque
588 1903 757 1991 diximus,
771 1904 974 1980 ,coelestium
997 1928 1116 1981 rerum
1136 1907 1370 1981 constantiam

303 2027 497 2101 imitatione
515 2029 836 2126 persequerentur?
851 2028 940 2102 Nam
969 2029 1112 2127 optimi,
1132 2028 1289 2119 aiebant,
1306 2027 1370 2102 viri

302 2152 473 2250 cujusque
491 2151 558 2225 vita
581 2152 664 2225 artis
683 2174 770 2250 opus
795 2152 955 2228 habenda
974 2162 1035 2227 est.
1064 2152 1154 2240 Quid
1179 2153 1274 2227 enim
1298 2177 1369 2229 non

303 2274 493 2372 pulchrum
512 2275 547 2349 in
566 2275 626 2349 illo
653 2275 827 2374 sapiente,
846 2298 952 2373 quem
971 2276 1038 2350 sibi
1062 2277 1201 2372 fingunt
1218 2277 1319 2352 stoici
1337 2289 1372 2352 et

302 2397 404 2470 nohis
420 2398 463 2472 ad
477 2399 689 2473 imitandum
705 2410 923 2498 proponunt,
943 2411 1004 2474 aut
1018 2399 1088 2475 dici
1109 2411 1170 2475 aut
1184 2403 1369 2498 excogitari

302 2529 432 2616 potest,
450 2520 511 2616 qui
528 2521 613 2594 adeo
628 2530 681 2595 est
698 2523 871 2618 prudenS,
890 2533 928 2596 ut
944 2544 1023 2597 vera
1039 2522 1165 2597 alalsis
1184 2546 1366 2621 nunquam

303 2663 374 2714 non
394 2642 586 2718 certissime
606 2644 795 2742 dijudicet;
811 2646 897 2719 adeo
915 2646 1012 2720 sortis
1037 2657 1072 2721 et
1093 2657 1312 2745 temperem,
1331 2657 1369 2721 ut

301 2789 367 2840 nec
386 2764 565 2841 doloribus
583 2791 649 2843 nec
666 2769 903 2867 voluptatibus
927 2793 946 2844 a
965 2780 1058 2845 recta
1086 2770 1280 2846 deducatur
1296 2772 1366 2864 via;

302 2886 387 2960 adeo
408 2887 524 2985 justus
547 2897 581 2962 et
598 2886 768 2977 liberalis,
787 2898 827 2962 ut
853 2911 923 2963 non
946 2890 1011 2964 sibi
1030 2890 1114 2981 soli,
1136 2892 1196 2965 sed
1221 2893 1366 2990 propin-

301 3009 398 3106 quis,
417 3009 554 3107 patriae,
573 3010 760 3085 hominum
778 3012 917 3108 generi,
944 3023 979 3086 et
1002 3013 1081 3103 toti,
1106 3024 1147 3088 ut
1163 3013 1210 3088 ita
1237 3014 1367 3104 dicam,

302 3129 436 3204 mundo
455 3152 491 3203 se
509 3130 667 3226 genitum
686 3131 836 3205 sentiat?
852 3131 927 3206 Nisi
945 3131 1023 3229 quis
1041 3133 1129 3208 sorte
1147 3133 1271 3209 dixerit
1288 3134 1368 3208 vitio

301 3252 481 3343 virtutem,
506 3254 670 3351 turpique
692 3255 880 3329 honesturn
900 3253 1087 3351 aliquando
1106 3256 1368 3353 pulchritudine

302 3377 478 3474 superari,
496 3388 531 3452 et
547 3377 685 3453 Graecos
704 3402 789 3453 vana
809 3378 1039 3452 similitudine
1056 3379 1166 3454 tuisse
1187 3380 1368 3479 deceptoS,

303 3517 385 3569 cum
403 3497 517 3570 virum
532 3497 696 3572 eumdem
711 3499 1001 3598 collaudandos
1018 3500 1297 3576 nominaverunt.

351 3619 441 3706 Quid
467 3620 562 3694 enim
589 3607 679 3695 esset
708 3645 771 3695 cur
800 3620 858 3694 ille
881 3620 931 3693 vir
958 3620 1081 3696 eximia
1109 3623 1260 3719 quadam
1288 3625 1367 3722 pul-

303 3739 501 3815 chritudine
519 3762 589 3813 non
608 3750 700 3814 esset
721 3739 905 3836 praeditus,
925 3764 1007 3816 cum
1026 3765 1147 3817 omnes
1166 3744 1274 3818 animi
1292 3747 1366 3843 ejus

301 3871 434 3961 partes,
452 3859 517 3934 soli
535 3859 661 3934 rationi
681 3859 900 3951 obedientes,
917 3861 990 3958 jam
1009 3861 1199 3953 adunam,
1221 3886 1367 3962 eamque

301 3986 607 4086 perfectissimam,
626 3986 868 4083 redigerentur
895 3987 1064 4079 sormam,
1084 4000 1117 4062 et
1133 3989 1200 4086 legi
1228 4013 1367 4067 accom-

301 4108 529 4184 modarentur
555 4108 686 4198 eidem,
715 4131 793 4204 quae
811 4109 925 4184 sidera
956 4119 1125 4209 temperat
1149 4124 1183 4187 et
1207 4116 1366 4191 modera-

180 4289 182 4292 .
300 4229 384 4304 tur‘l
413 4228 524 4319 Quam
550 4230 580 4306 si
607 4251 835 4331 sequeremur
866 4229 1009 4324 ducem,
1040 4232 1238 4312 universam
1272 4235 1365 4315 illam

1513 427 1514 466 t

1513 1603 1514 1646 t

1513 2955 1514 3032 l

1512 3101 1514 3166 l

1513 3245 1514 3280 r
