3002 5084
614 505 681 581 lot

273 655 321 713 llle
334 654 419 726 tntu
431 667 571 726 nunquam
584 654 684 714 direxit
696 653 808 712 brachia
822 659 918 712 contra

273 753 452 824 Torrentem
467 764 519 810 neo
532 753 602 810 civis
615 756 675 810 erat
689 751 736 823 qul
749 751 834 808 libera
847 755 944 823 posset

273 847 363 908 Verba
376 847 458 904 animi
474 847 613 921 prolerre,
628 853 656 908 ct
669 848 750 906 vitam
765 846 923 920 lmpendere
935 861 1000 906 vero
1015 847 1030 907 ¹.

159 1022 246 1110 Quis
274 1043 356 1097 eum
383 1021 503 1097 docuit
529 1021 647 1097 omnia
676 1019 832 1120 corporis
857 1019 947 1094 mala
976 1041 1047 1118 prae
1072 1019 1181 1096 animi

107 1141 215 1216 malis
241 1163 317 1216 esse
343 1163 467 1240 parva,
495 1150 530 1216 ct
554 1162 676 1216 omnes
694 1139 824 1215 doloris
848 1160 986 1215 morsus
1011 1139 1181 1216 dedecore

106 1283 188 1337 esse
211 1260 390 1359 potiores?
415 1259 519 1350 Quis,
542 1260 609 1334 nisi
627 1259 736 1334 stoica
753 1258 976 1358 philosophia
997 1269 1030 1334 et
1046 1259 1181 1336 stoicis·

107 1402 194 1454 sans
220 1379 358 1455 Marcus
376 1379 532 1471 TulliuS,
561 1379 662 1478 cujus
690 1378 821 1455 nobilia
850 1379 925 1455 haec
955 1387 1038 1456 sunt
1057 1379 1179 1456 verba:

111 1487 335 1578 «Detrahere
353 1501 459 1599 igitur
483 1501 582 1576 alteri
608 1500 756 1600 aliquid,
775 1511 809 1578 et
830 1502 1011 1578 hominem
1028 1502 1181 1581 hominis

109 1625 340 1702 incommodo
359 1646 464 1700 suurn
482 1647 609 1721 augere
627 1624 871 1716 commodum,
890 1625 1003 1723 magis
1026 1637 1079 1702 est
1096 1648 1182 1703 eon-

112 1759 165 1823 tra
184 1757 366 1837 naturam,
391 1770 497 1845 quam
515 1770 628 1840 111011,
647 1771 753 1847 quam
772 1760 976 1849 paupertas,
994 1774 1101 1849 quam
1119 1752 1182 1826 do·

110 1874 182 1964 lor,
200 1895 307 1972 quam
324 1881 446 1950 caetera
463 1896 541 1972 quac
558 1886 706 1972 possunt
719 1885 779 1950 aut
795 1873 932 1975 corpori
948 1875 1105 1954 accidere
1123 1885 1183 1951 aut

113 1997 221 2072 rebus
236 1996 448 2072 extendisti
469 1997 569 2073 Hanc
583 1996 743 2074 eamdem
759 1996 967 2074 sententiam
983 1998 1069 2072 adeo
1084 1996 1182 2073 lucu·

113 2117 216 2191 lentis
235 2126 269 2190 et
285 2115 462 2215 praeclaris
480 2117 647 2216 expressit
664 2116 821 2191 versibus
834 2115 1026 2208 luvenalis,
1040 2125 1081 2190 ut
1093 2115 1181 2191 nihil

115 2262 290 2337 unquam,
304 2261 371 2313 nec
386 2239 480 2338 apud
495 2249 646 2330 veteres,
662 2261 727 2314 nec
743 2239 837 2338 apud
851 2237 1079 2331 recentiores
1093 2239 1180 2315 mibi

116 2363 243 2461 legisse
260 2363 379 2439 videar
393 2363 600 2466 sublimius:

290 2566 355 2624 Esto
369 2564 460 2622 bonus
473 2563 565 2636 miles,
578 2566 655 2620 tutor
666 2563 771 2635 honus,
786 2562 889 2620 arbiter
900 2561 971 2620 idem

289 2662 411 2732 Integer:
425 2661 560 2732 ambigua
574 2661 597 2718 si
611 2659 721 2731 quaudo
735 2659 855 2718 citabere
869 2660 949 2717 testis

292 2759 461 2828 lnoertaequc
475 2756 529 2828 rei,
543 2755 666 2814 Phalaris
679 2753 745 2813 licet
757 2757 872 2827 imperet
884 2758 915 2813 ut
928 2755 968 2812 sis

292 2854 404 2925 Falsus,
419 2859 446 2911 61
461 2853 571 2911 admoto
583 2854 669 2918 dictet
680 2854 800 2925 penuria
812 2859 908 2926 tauro,

291 2951 431 3007 Summum
445 2948 526 3006 crede
539 2948 616 3006 netas
629 2949 746 3005 animam
759 2946 888 3019 praelerre
902 2945 1015 3018 pudori,

290 3044 324 3103 Et
336 3047 448 3117 propter
459 3045 542 3102 vitam
556 3042 664 3100 vivendi
677 3042 792 3114 perdere
805 3055 905 3100 causas
915 3040 932 3100 ³.

162 3214 426 3290 Illustrissimus
445 3213 676 3314 philosophus
700 3212 759 3312 qui
779 3213 871 3311 apud
890 3213 1098 3303 Germanae,
1115 3233 1179 3286 nc·

112 3337 255 3412 vissimc
273 3337 415 3411 finiente
434 3336 581 3426 saeculo,
601 3336 755 3411 nobilem
771 3335 919 3411 Zenonis
938 3334 1178 3434 disciplinam,

113 3461 149 3533 in
174 3483 215 3534 eo
234 3459 328 3557 quod
351 3459 394 3533 ad
413 3482 527 3536 mores
548 3460 689 3551 attinet,
713 3459 864 3535 restituit
883 3469 917 3534 et
939 3457 1179 3556 amplificavit,

113 3579 262 3654 Kantius
275 3580 339 3654 hos
354 3580 442 3654 duos
457 3579 730 3655 ultimosversus
743 3580 778 3653 in
793 3601 852 3654 ore
863 3600 1002 3678 semper
1016 3576 1180 3652 babuisse

114 3702 253 3778 dicitur.
281 3701 355 3777 Nee
381 3703 531 3797 mirum;
559 3703 706 3779 eximius
732 3702 790 3778 ille
818 3701 948 3778 stoicus
976 3702 1051 3778 haec
1077 3700 1180 3778 verba

115 3825 235 3900 nescio
254 3823 339 3922 quid
357 3825 507 3901 stoicum
526 3826 683 3902 redolere
701 3825 882 3902 sentiebat.

152 4069 159 4100 ¹
174 4073 234 4130 Juv.
249 4071 381 4145 sot.‚1v,
396 4086 422 4127 1.
438 4075 481 4131 29.

151 4165 231 4224 ’Clu
242 4169 286 4223 De
302 4165 371 4240 off„
386 4167 405 4225 l.
419 4168 470 4238 111,
484 4181 508 4224 c.
524 4171 549 4226 o.

154 4260 235 4321 ³tuv.
249 4263 319 4334 Son,
334 4263 408 4334 lllll,
423 4276 447 4318 v.
463 4262 509 4318 ts.
