3042 5086
798 514 821 586 6

279 659 1344 757 componat:quoinlahoreingeniiaciespotiusquamanimi

278 776 433 851 incitatio
447 777 648 873 requiritur.
670 778 755 853 lnde
767 780 806 852 fit
818 790 857 853 ut
874 787 984 876 poetae
999 777 1120 866 verba,
1139 778 1183 850 ad
1202 800 1346 852 concre-

278 911 330 974 tas
343 898 543 995 etsingulas
557 900 1194 998 quasqueresdepingendasatquead
1207 900 1346 974 animos

279 1021 523 1120 percutiendos
549 1033 769 1118 comparata,
793 1022 912 1095 vividis
937 1020 1197 1119 distinguantur
1218 1021 1346 1116 imagi-

279 1147 381 1221 nibus
403 1154 437 1220 et
454 1144 575 1242 rapido
600 1156 699 1220 motu
726 1155 1043 1242 contorqueantur3
1070 1155 1105 1219 at
1122 1154 1242 1219 contra
1262 1145 1344 1243 phi-

278 1263 494 1364 losophantis
522 1285 653 1353 sermo,
685 1263 728 1338 ad
755 1265 927 1339 abstracta
958 1263 1152 1361 eademque
1181 1264 1343 1339 universa

278 1383 502 1485 exprimenda
518 1395 639 1485 aptus,
653 1388 808 1486 speciosa
821 1387 988 1462 vocabula
1003 1387 1209 1484 luminaque
1223 1386 1342 1460 omnia

278 1509 444 1583 orationis
461 1507 557 1596 vitet,
578 1532 643 1583 nec
669 1510 948 1606 significantibus
973 1509 1085 1584 verbis
1102 1532 1260 1606 unquam
1282 1510 1344 1582 od-

278 1627 501 1700 mirationem
519 1639 654 1726 poscat,
670 1629 874 1724 significatis
890 1629 995 1703 rebus
1010 1628 1266 1704 reservandam.

178 1730 184 1750 ’
327 1751 563 1837 Quamobrem
581 1751 861 1848 ingeniosissimo
875 1753 971 1842 viro,
988 1752 1048 1827 sed
1066 1752 1103 1825 in
1121 1750 1343 1850 philosophia

278 1869 421 1949 forsitan
439 1897 565 1974 porum
584 1874 761 1972 diligenti,
777 1875 920 1949 Horatio
938 1875 1082 1964 Flacco,
1101 1875 1261 1949 assentiri
1280 1896 1343 1947 no·

279 1993 359 2082 lim,
378 1993 419 2067 de
434 1993 654 2093 philosophis
673 1993 868 2068 detrahenti
894 2017 978 2069 sane
996 1993 1145 2092 aliquid,
1163 1993 1248 2067 dum
1263 2015 1342 2066 ma-

190 2153 193 2158 ·
275 2113 412 2212 joribus
429 2113 592 2188 laudibus
608 2124 743 2212 poetaS,
756 2115 1021 2212 Homerumque
1036 2113 1248 2212 praesertim,
1264 2093 1341 2186 arn-¹

281 2236 431 2335 plificat:

350 2474 402 2544 Qui
415 2475 480 2545 quid
494 2475 531 2531 sit
545 2474 703 2546 pulchrum,
718 2476 784 2546 quid
800 2481 895 2550 turpe,
910 2479 976 2550 quid
991 2477 1071 2548 utile,
1085 2477 1151 2548 quid
1166 2490 1236 2548 non,
1299 2524 1302 2530 .

351 2574 462 2632 Plenius
475 2580 503 2630 et
516 2575 615 2632 melius
629 2576 782 2648 Chrysippo
795 2585 823 2633 et
837 2579 968 2635 Crantore
981 2576 1048 2632 dicit
1062 2574 1077 2631 ¹.
1122 2569 1126 2585 '

330 2787 418 2862 Cum
436 2787 610 2864 Homerus
637 2789 723 2862 mihi
750 2790 913 2889 proponit
936 2800 1016 2866 ante
1042 2792 1163 2866 oculos
1186 2792 1345 2891 Ulyssem

282 2933 400 2986 ceram
419 2912 563 3004 auribus
586 2913 791 3002 obdentem,
810 2937 854 2986 ne
871 2913 1035 2989 Sirenum
1057 2937 1157 2990 voces
1181 2915 1346 2991 libentius

283 3034 401 3108 audiat
415 3045 449 3110 et
463 3058 585 3111 earum
604 3035 758 3133 scopulis
776 3037 923 3135 turpiter
938 3037 1169 3129 adhaerescat3
1186 3052 1247 3113 aut
1265 3063 1345 3114 cum

178 3205 181 3212 -
282 3167 487 3256 tempestate
514 3157 779 3248 colluctantem,
810 3160 961 3235 adversis
990 3139 1096 3234 undis
1126 3161 1345 3236 immersabi-

282 3280 369 3369 lem,
396 3291 436 3353 ut
460 3280 623 3355 nidulum
650 3280 769 3371 illurn,
789 3283 917 3357 saxulis
941 3283 1167 3382 impositum,
1190 3283 1345 3358 Ithacam

283 3406 418 3480 scilicet
447 3429 569 3495 suam,
598 3406 719 3504 longos
749 3419 827 3506 post
857 3429 985 3497 annm,
1013 3409 1154 3499 revisat,
1181 3418 1284 3505 atque
1310 3419 1347 3482 ut

284 3538 415 3602 castam
433 3535 596 3615 uxorem,
623 3550 746 3602 carum
773 3529 903 3620 filium,
931 3529 1170 3605 venerandum
1193 3540 1344 3629 patrem,
1424 3609 1430 3618 ,

283 3672 470 3746 sacrosque
487 3649 577 3724 lares
592 3650 734 3725 tandem
753 3653 1002 3749 amplectatur,
1018 3662 1095 3728 tum
1116 3675 1187 3727 non
1203 3674 1344 3750 possum

283 3775 367 3873 quin
387 3773 492 3848 talem
511 3776 602 3848 hanc
620 3775 860 3850 fortitudinem
887 3788 921 3851 et
948 3777 1215 3877 temperantiam
1239 3775 1345 3849 mirer

282 3898 569 3994 exclamemque:
597 3895 625 3971 0
650 3898 830 3996 egregium
852 3898 986 3974 virum!
1005 3923 1025 3974 ο
1043 3900 1185 3996 dignam
1212 3921 1251 3973 ac
1269 3919 1344 3971 vere

282 4020 469 4118 pulchram
488 4019 612 4117 agendi
631 4020 821 4095 rationem!

317 4241 325 4279 ¹
339 4244 431 4301 Horat.
444 4245 547 4314 Epist,
560 4244 584 4314 l,
598 4247 627 4312 2,
642 4258 667 4300 v.
684 4248 711 4300 3.
