3002 5084
629 475 675 550 73

114 613 347 712 semetipsum
383 613 596 706 incusantis,
627 616 757 715 quippe
792 618 852 714 qui
883 617 1034 707 inscius,
1068 641 1186 694 rerum

115 733 426 832 pretiosissimam,
451 744 589 834 tempus
616 735 750 811 deterit.
781 735 908 811 Totum
932 736 1029 812 hunc
1051 737 1187 828 locum,

115 875 258 950 quaeso‚
284 851 423 950 relege:
451 854 555 930 verbo
580 855 707 953 cuique
730 877 834 931 suum
862 877 937 932 esse
965 866 1186 932 momentum

116 977 253 1053 videbis
284 987 318 1052 et
345 977 397 1050 vix
427 999 502 1054 esse
533 977 602 1054 illis
632 979 798 1057 omnibus
830 980 1023 1079 quidquam
1056 979 1189 1079 signifi-

119 1102 272 1178 centius.

227 1332 512 1353 .......
549 1295 603 1352 sed
618 1308 681 1354 rure
694 1299 809 1367 paterno

226 1391 275 1448 Est
290 1389 338 1448 tibi
353 1388 395 1447 tar
406 1390 558 1465 modicum,
572 1406 672 1464 purum
685 1397 713 1451 et
726 1393 787 1450 stuc
801 1392 862 1450 tabe
875 1392 1010 1466 salinum,

119 1557 139 1602 θ
225 1486 310 1560 (Quid
324 1487 461 1562 metensi)
473 1489 629 1563 cultrixque
643 1490 698 1548 foci
710 1505 809 1549 secure
822 1493 924 1564 petella
933 1491 953 1550 ¹.

171 1648 216 1724 Ut
232 1647 375 1725 Persius
393 1671 509 1724 crassa
528 1649 593 1726 ista
610 1652 722 1743 bona,
747 1651 776 1727 si
795 1653 900 1728 modo
919 1652 1011 1729 bona
1029 1667 1112 1730 sunt
1128 1677 1190 1754 ap·

123 1770 299 1869 pellenda,
318 1771 545 1870 dedignatur!
564 1775 648 1850 Post
665 1775 740 1850 haeo
759 1775 902 1851 stultam
920 1775 1122 1875 superbiam
1135 1777 1190 1876 ju·

121 1895 238 1985 renis,
260 1916 443 1970 censorem
464 1897 702 1997 propinquum
720 1899 904 1999 jactantis,
928 1908 963 1974 et
979 1898 1129 1976 alienam
1152 1901 1189 1976 in

121 2015 251 2090 samam
271 2014 456 2114 irrepentis
473 2016 613 2093 irridet:

226 2208 266 2267 td
280 2179 412 2284 populum
425 2208 569 2283 phalernst
585 2211 642 2283 Ego
656 2216 683 2270 te
696 2211 772 2270 intus
786 2215 815 2272 et
827 2213 855 2270 tu
869 2218 933 2271 cute
948 2209 1046 2270 nort²t

169 2375 380 2453 Praeclaram
399 2375 608 2451 sententiam
627 2387 661 2452 et
678 2400 717 2452 ex
736 2377 859 2453 intima
874 2377 1067 2455 stoicorum
1085 2379 1191 2456 disci·

121 2499 217 2600 plina
254 2496 499 2596 desumptam!
534 2496 627 2584 Dum
658 2497 802 2596 vulgus,
836 2498 1001 2573 stolidum
1034 2499 1062 2574 si
1095 2499 1190 2598 quod

122 2621 187 2697 init
216 2642 374 2717 unquam
399 2641 528 2718 pecus,
554 2643 640 2694 vana
667 2630 701 2696 et
729 2631 868 2697 externa
898 2622 1093 2721 eademque
1120 2623 1190 2698 iul-

122 2745 236 2843 gentia
261 2754 295 2820 et
317 2744 438 2820 oculos
462 2743 731 2844 perstringenda
759 2746 925 2838 miratur,
948 2747 1087 2847 sapiens
1111 2769 1190 2822 vera

122 2876 155 2941 et
171 2865 308 2939 interna
328 2872 466 2939 tantum
484 2862 595 2954 bona,
614 2887 654 2940 ea
670 2863 831 2942 videlicet
847 2888 926 2964 quae
943 2865 980 2940 in
999 2865 1108 2941 enimi
1128 2866 1192 2941 do-

122 2990 216 3066 tibus
235 2995 412 3077 eoustant‚
431 2987 590 3085 suspicit.

169 3111 258 3186 Dein
275 3109 416 3188 Persius
435 3109 593 3185 animum
619 3107 785 3184 describit
806 3108 982 3184 scelerum
1003 3120 1191 3186 consuetu-

123 3233 204 3309 dine
232 3232 507 3309 occalescentem
537 3241 571 3307 et
593 3229 676 3304 vitio
702 3229 871 3328 paulatim
897 3241 1119 3330 stupentem,
1145 3233 1192 3308 ita

123 3365 239 3428 tamen
258 3361 314 3444 ut,
333 3351 361 3426 si
377 3352 455 3451 quis
475 3350 633 3427 nondum
653 3349 786 3425 exuerit
799 3372 941 3426 omnem
958 3349 1094 3427 virtutis
1112 3373 1193 3428 sen·

123 3503 218 3570 sum,
237 3477 273 3552 in
300 3498 340 3553 eo
358 3477 466 3553 virtus
483 3477 604 3554 relicta
631 3498 710 3552 acre
736 3475 790 3551 sui
817 3475 1030 3553 desiderium
1056 3477 1189 3555 excitet.

124 3597 344 3696 Quicumque
364 3597 457 3672 enim
474 3597 657 3692 diligenter
671 3596 915 3697 ponderaverit
928 3619 1047 3673 versus
1062 3597 1191 3695 quibus

123 3732 242 3798 noster
258 3743 320 3797 seu
339 3720 430 3796 tauri
449 3720 572 3796 ahenei
589 3719 795 3818 gemitibus,
814 3741 874 3796 seu
893 3719 1007 3818 gladio
1026 3719 1155 3795 auratis
1173 3742 1192 3796 e

124 3844 346 3946 laquearibus
377 3844 565 3944 pendenti,
596 3844 698 3920 malae
727 3843 951 3921 conscientiae
979 3843 1132 3919 ululatus
1159 3852 1192 3919 et

162 4115 170 4154 ¹
184 4118 269 4196 Pers,
275 4118 336 4176 Sat.
350 4116 401 4189 111,
414 4129 439 4174 r.
454 4118 497 4177 at.

160 4209 171 4249 2
185 4210 277 4283 Idem,
293 4222 319 4268 r.
334 4212 378 4270 80.
