3002 5084
832 508 902 582 teu

334 654 484 730 belluina
503 667 600 752 parte
616 655 724 728 nostri
745 665 898 728 nostram
923 674 1063 726 ornnem
1084 652 1186 726 sitam
1212 675 1288 725 esse
1309 673 1410 749 prae-

247 850 249 866 ,
334 775 508 849 stantiam.
520 773 620 873 Apud
636 776 731 850 bunc
745 785 924 848 auctorem
936 773 1061 846 frustra
1074 793 1209 868 quaeras
1218 770 1279 844 illa
1295 769 1411 843 ratio-

336 895 391 971 nis
414 906 448 970 et
462 897 636 994 appetitus
654 896 861 986 certamina,
885 895 1032 993 quibus,
1058 895 1097 967 in
1114 893 1266 968 Coroebi
1290 893 1412 967 nostri

335 1015 463 1089 sabulis
488 1016 619 1091 mirum
642 1017 678 1090 iu
704 1016 851 1091 modum
868 1015 1080 1103 detinemur,
1100 1025 1138 1088 et
1157 1012 1412 1111 spectaculum

335 1139 444 1230 illud,
473 1141 567 1238 quod
585 1141 655 1215 Deo
683 1141 931 1238 dignissimum
955 1161 1030 1214 esse
1052 1137 1150 1214 stoici
1175 1137 1412 1225 dictitabant,

335 1260 448 1334 virum
472 1260 605 1337 scilicet
629 1271 892 1359 responsautcm
915 1258 1144 1357 cupidinibus
1169 1270 1203 1334 et
1228 1282 1310 1334 cum
1336 1261 1413 1334 sor-

337 1396 420 1458 tuua
439 1384 703 1460 colluctantem.

384 1504 479 1578 Num
504 1505 654 1579 stoicum
684 1501 816 1601 aliquid
845 1505 1005 1580 Medeam
1031 1504 1134 1579 istam
1152 1503 1188 1578 in
1214 1526 1250 1578 se
1274 1503 1410 1578 babere

337 1629 546 1719 contendes
567 1631 718 1705 simodo
742 1632 817 1728 ejus
837 1653 960 1706 sensus
979 1641 1013 1706 et
1031 1632 1119 1735 lacta
1138 1629 1410 1729 ponderamus,

336 1777 424 1850 quae,
443 1754 552 1827 animi
576 1755 773 1853 impotem,
796 1756 913 1830 omnia
939 1757 1094 1830 bumana
1119 1756 1304 1851 divinaque
1326 1754 1409 1850 jura

335 1876 543 1976 permiscet,
562 1887 612 1965 et,
631 1889 671 1952 ut
686 1900 808 1976 poenas
826 1901 844 1952 a
864 1879 1013 1976 conjuge
1029 1887 1177 1975 repetat,
1196 1899 1280 1952 snos
1297 1877 1409 1951 truci-

336 2002 395 2077 dat
415 2001 544 2075 natos?
570 2001 660 2087 Quid
679 2002 789 2099 magis
809 2004 927 2078 stoicis
950 2003 1006 2076 bis
1032 2002 1142 2077 effatis
1168 2002 1406 2090 contrarium,

336 2145 411 2196 esse
429 2119 622 2198 ulciscendi
646 2133 680 2196 et
702 2121 872 2220 puniendi
891 2123 1058 2212 modum,
1086 2132 1121 2196 et
1142 2120 1229 2195 nihil
1247 2120 1408 2195 laudabi-

336 2241 403 2317 lius
430 2267 505 2318 esse
523 2242 755 2342 placabilitate
773 2253 807 2316 et
830 2242 1060 2317 clementiat¹
1081 2243 1121 2316 ln
1143 2242 1262 2316 Medea
1279 2263 1408 2337 magna
1457 2327 1459 2331 ¹

337 2365 477 2461 quidem
494 2375 546 2443 est
561 2367 625 2456 vis,
641 2365 751 2440 scdea
770 2365 819 2439 vis
837 2365 986 2455 scilicet,
1007 2387 1113 2464 quam
1122 2364 1272 2439 Flaccus
1292 2363 1407 2438 consi-

337 2487 374 2561 lii
393 2502 568 2588 expertem
585 2502 698 2578 vocat,
719 2501 752 2564 et
767 2513 844 2586 quea
859 2491 908 2564 vis
923 2489 1032 2564 stoica
1051 2511 1275 2587 nequaquam
1294 2487 1408 2563 nomi-

337 2609 452 2682 nanda
466 2621 527 2684 est.
544 2610 650 2684 Stoici
670 2610 784 2700 enim,
799 2632 869 2684 uon
886 2609 922 2684 in
938 2609 1114 2708 cupidinis
1127 2608 1278 2706 impetu,
1295 2606 1406 2682 sedin

336 2729 522 2803 voluntatis
539 2730 733 2803 constantia
752 2729 820 2803 vim
840 2731 948 2804 animi
963 2742 1117 2829 ponunt,
1135 2741 1185 2820 et,
1201 2731 1294 2804 hanc
1313 2728 1407 2803 sorti-

338 2851 513 2943 tudinem,
526 2852 621 2926 illam
636 2853 818 2926 audaciam
839 2864 873 2927 et
893 2854 1148 2928 immanitatem
1162 2851 1280 2950 potius
1293 2850 1407 2950 appel-

338 2978 428 3065 lant,
455 2979 557 3076 cujus
586 2977 773 3053 nobiscum
801 2977 927 3053 belluae
954 3001 1094 3075 quoque
1121 2977 1306 3075 participes
1333 2998 1407 3051 esse

337 3100 457 3175 solent.
479 3101 554 3186 Quo
570 3102 712 3176 nomine
730 3101 820 3198 quid·
835 3101 906 3176 iero
921 3101 1049 3176 Medeae
1064 3100 1173 3175 furori
1193 3100 1405 3175 convenien-

340 3223 428 3312 tius,
446 3222 488 3297 de
502 3245 571 3320 qua
589 3233 689 3320 poeta
709 3220 807 3318 ipse:

552 3425 680 3491 Quaenam
693 3422 807 3477 cruenta
822 3422 934 3477 Maenas

551 3519 675 3588 Praeceps
689 3529 780 3573 amore
795 3529 868 3572 saevo

549 3609 696 3681 Rapitur?
711 3608 785 3680 quod
799 3609 949 3680 impotenti

550 3709 666 3766 Facinus
679 3708 877 3780 paratfruurc
888 3704 920 3762 ²?

551 3906 610 3961 Huc
622 3903 676 3962 fert
688 3903 773 3976 pedes
787 3908 815 3961 et
828 3903 904 3960 illuc.

376 4159 456 4218 ¹Cic.
475 4164 515 4214 Dc
530 4159 597 4230 Off,
612 4160 629 4215 l.
645 4161 670 4230 l,
685 4175 709 4216 c.
728 4163 771 4226 rt,
786 4162 828 4216 25.

376 4253 461 4310 lSen.
480 4254 563 4322 Med,
578 4271 601 4309 v.
620 4257 680 4310 847.
