<?xml version="1.0" encoding="UTF-8"?>
<!DOCTYPE html PUBLIC "-//W3C//DTD XHTML 1.0 Transitional//EN"
    "http://www.w3.org/TR/xhtml1/DTD/xhtml1-transitional.dtd">
<html xmlns="http://www.w3.org/1999/xhtml" xml:lang="en" lang="en">
 <head>
  <title>
</title>
<meta http-equiv="Content-Type" content="text/html;charset=utf-8" />
  <meta name='ocr-system' content='tesseract 3.04.00' />
  <meta name='ocr-capabilities' content='ocr_page ocr_carea ocr_par ocr_line ocrx_word'/>
</head>
<body>
  <div class='ocr_page' id='page_1' title='image "./destoicadiscipl01ferrgoog_0029.png"; bbox 0 0 3042 5086; ppageno 0'>
   <div class='ocr_carea' id='block_1_1' title="bbox 816 511 863 584">
    <p class='ocr_par' dir='ltr' id='par_1_1' title="bbox 816 511 863 584">
     <span class='ocr_line' id='line_1_1' title="bbox 816 511 863 584; baseline 0 0"><span class='ocrx_word' id='word_1_1' title='bbox 816 511 863 584; x_wconf 83' lang='grc'>16</span> 
     </span>
    </p>
   </div>
   <div class='ocr_carea' id='block_1_2' title="bbox 307 650 1503 752">
    <p class='ocr_par' dir='ltr' id='par_1_2' title="bbox 307 650 1503 752">
     <span class='ocr_line' id='line_1_2' title="bbox 307 650 1503 752; baseline -0.006 -21"><span class='ocrx_word' id='word_1_2' title='bbox 307 657 433 732; x_wconf 90' lang='lat' dir='ltr'>chrum</span> <span class='ocrx_word' id='word_1_3' title='bbox 453 675 577 752; x_wconf 89' lang='lat' dir='ltr'>poema</span> <span class='ocrx_word' id='word_1_4' title='bbox 596 654 663 729; x_wconf 92' lang='lat' dir='ltr'>hac</span> <span class='ocrx_word' id='word_1_5' title='bbox 681 664 818 728; x_wconf 88' lang='lat' dir='ltr'>tantum</span> <span class='ocrx_word' id='word_1_6' title='bbox 836 653 911 749; x_wconf 88' lang='lat' dir='ltr'>lege</span> <span class='ocrx_word' id='word_1_7' title='bbox 929 650 1032 727; x_wconf 89' lang='lat' dir='ltr'>condi</span> <span class='ocrx_word' id='word_1_8' title='bbox 1050 661 1177 750; x_wconf 90' lang='lat' dir='ltr'>potest,</span> <span class='ocrx_word' id='word_1_9' title='bbox 1202 660 1242 726; x_wconf 91' lang='lat' dir='ltr'>ut</span> <span class='ocrx_word' id='word_1_10' title='bbox 1257 651 1375 728; x_wconf 91' lang='lat' dir='ltr'>verbis</span> <span class='ocrx_word' id='word_1_11' title='bbox 1502 706 1503 748; x_wconf 68' lang='lat'>,</span> 
     </span>
    </p>
   </div>
   <div class='ocr_carea' id='block_1_3' title="bbox 309 774 1380 1616">
    <p class='ocr_par' dir='ltr' id='par_1_3' title="bbox 309 774 1380 1616">
     <span class='ocr_line' id='line_1_3' title="bbox 309 774 1377 877; baseline -0.006 -23"><span class='ocrx_word' id='word_1_12' title='bbox 309 803 362 855; x_wconf 90' lang='lat' dir='ltr'>res</span> <span class='ocrx_word' id='word_1_13' title='bbox 381 778 625 877; x_wconf 81' lang='lat' dir='ltr'>subjiciantur,</span> <span class='ocrx_word' id='word_1_14' title='bbox 642 779 718 852; x_wconf 90' lang='lat' dir='ltr'>sine</span> <span class='ocrx_word' id='word_1_15' title='bbox 732 776 861 874; x_wconf 91' lang='lat' dir='ltr'>quibus</span> <span class='ocrx_word' id='word_1_16' title='bbox 877 775 1069 851; x_wconf 88' lang='lat' dir='ltr'>clarissima</span> <span class='ocrx_word' id='word_1_17' title='bbox 1087 774 1253 850; x_wconf 86' lang='lat' dir='ltr'>orationis</span> <span class='ocrx_word' id='word_1_18' title='bbox 1268 795 1377 849; x_wconf 90' lang='lat' dir='ltr'>orna-</span> 
     </span>
     <span class='ocr_line' id='line_1_4' title="bbox 309 898 1379 1000; baseline -0.005 -22"><span class='ocrx_word' id='word_1_19' title='bbox 309 915 449 993; x_wconf 90' lang='lat' dir='ltr'>menta,</span> <span class='ocrx_word' id='word_1_20' title='bbox 466 902 558 977; x_wconf 89' lang='lat' dir='ltr'>sicut</span> <span class='ocrx_word' id='word_1_21' title='bbox 575 900 766 1000; x_wconf 91' lang='lat' dir='ltr'>splendidae</span> <span class='ocrx_word' id='word_1_22' title='bbox 781 911 908 989; x_wconf 77' lang='lat' dir='ltr'>vesteS,</span> <span class='ocrx_word' id='word_1_23' title='bbox 930 898 1060 998; x_wconf 92' lang='lat' dir='ltr'>quibus</span> <span class='ocrx_word' id='word_1_24' title='bbox 1077 909 1138 974; x_wconf 84' lang='lat' dir='ltr'>aut</span> <span class='ocrx_word' id='word_1_25' title='bbox 1155 899 1294 974; x_wconf 91' lang='lat' dir='ltr'>nullum</span> <span class='ocrx_word' id='word_1_26' title='bbox 1310 909 1379 980; x_wconf 79' lang='lat' dir='ltr'>aut</span> 
     </span>
     <span class='ocr_line' id='line_1_5' title="bbox 310 1020 1375 1122; baseline -0.004 -22"><span class='ocrx_word' id='word_1_27' title='bbox 310 1026 438 1100; x_wconf 88' lang='lat' dir='ltr'>falsum</span> <span class='ocrx_word' id='word_1_28' title='bbox 457 1023 667 1122; x_wconf 84' lang='lat' dir='ltr'>supponitur</span> <span class='ocrx_word' id='word_1_29' title='bbox 687 1046 833 1122; x_wconf 90' lang='lat' dir='ltr'>corpus,</span> <span class='ocrx_word' id='word_1_30' title='bbox 854 1023 970 1098; x_wconf 88' lang='lat' dir='ltr'>inania</span> <span class='ocrx_word' id='word_1_31' title='bbox 995 1031 1079 1096; x_wconf 90' lang='lat' dir='ltr'>sunt</span> <span class='ocrx_word' id='word_1_32' title='bbox 1099 1031 1133 1097; x_wconf 91' lang='lat' dir='ltr'>et</span> <span class='ocrx_word' id='word_1_33' title='bbox 1150 1020 1375 1120; x_wconf 83' lang='lat' dir='ltr'>perridicula.</span> 
     </span>
     <span class='ocr_line' id='line_1_6' title="bbox 309 1145 1378 1246; baseline -0.002 -23"><span class='ocrx_word' id='word_1_34' title='bbox 309 1149 616 1236; x_wconf 82' lang='lat' dir='ltr'>Quemadmodum</span> <span class='ocrx_word' id='word_1_35' title='bbox 634 1148 770 1246; x_wconf 83' lang='lat' dir='ltr'>egregie</span> <span class='ocrx_word' id='word_1_36' title='bbox 788 1169 806 1222; x_wconf 92' lang='lat' dir='ltr'>a</span> <span class='ocrx_word' id='word_1_37' title='bbox 824 1147 943 1222; x_wconf 88' lang='lat' dir='ltr'>Marco</span> <span class='ocrx_word' id='word_1_38' title='bbox 962 1145 1077 1221; x_wconf 86' lang='lat' dir='ltr'>Tullio</span> <span class='ocrx_word' id='word_1_39' title='bbox 1092 1145 1378 1221; x_wconf 87' lang='lat' dir='ltr'>animadversum</span> 
     </span>
     <span class='ocr_line' id='line_1_7' title="bbox 310 1267 1380 1368; baseline -0.004 -20"><span class='ocrx_word' id='word_1_40' title='bbox 310 1283 378 1364; x_wconf 90' lang='lat' dir='ltr'>est,</span> <span class='ocrx_word' id='word_1_41' title='bbox 399 1294 455 1348; x_wconf 91' lang='lat' dir='ltr'>res</span> <span class='ocrx_word' id='word_1_42' title='bbox 480 1270 583 1345; x_wconf 87' lang='lat' dir='ltr'>verba</span> <span class='ocrx_word' id='word_1_43' title='bbox 610 1270 770 1368; x_wconf 89' lang='lat' dir='ltr'>rapiunt,</span> <span class='ocrx_word' id='word_1_44' title='bbox 796 1292 884 1367; x_wconf 89' lang='lat' dir='ltr'>eque</span> <span class='ocrx_word' id='word_1_45' title='bbox 908 1269 1014 1344; x_wconf 91' lang='lat' dir='ltr'>rebus</span> <span class='ocrx_word' id='word_1_46' title='bbox 1039 1267 1144 1366; x_wconf 91' lang='lat' dir='ltr'>plane</span> <span class='ocrx_word' id='word_1_47' title='bbox 1170 1269 1318 1366; x_wconf 90' lang='lat' dir='ltr'>cognitis</span> <span class='ocrx_word' id='word_1_48' title='bbox 1340 1281 1380 1345; x_wconf 91' lang='lat' dir='ltr'>et</span> 
     </span>
     <span class='ocr_line' id='line_1_8' title="bbox 310 1391 1380 1494; baseline -0.004 -23"><span class='ocrx_word' id='word_1_49' title='bbox 310 1393 501 1494; x_wconf 79' lang='lat' dir='ltr'>perspectis</span> <span class='ocrx_word' id='word_1_50' title='bbox 516 1393 702 1468; x_wconf 87' lang='lat' dir='ltr'>efflorescit</span> <span class='ocrx_word' id='word_1_51' title='bbox 716 1403 751 1466; x_wconf 91' lang='lat' dir='ltr'>et</span> <span class='ocrx_word' id='word_1_52' title='bbox 761 1392 936 1468; x_wconf 89' lang='lat' dir='ltr'>redundat</span> <span class='ocrx_word' id='word_1_53' title='bbox 949 1391 1069 1466; x_wconf 89' lang='lat' dir='ltr'>oratio.</span> <span class='ocrx_word' id='word_1_54' title='bbox 1086 1391 1209 1488; x_wconf 89' lang='lat' dir='ltr'>ltaque</span> <span class='ocrx_word' id='word_1_55' title='bbox 1226 1393 1380 1490; x_wconf 88' lang='lat' dir='ltr'>quoties·</span> 
     </span>
     <span class='ocr_line' id='line_1_9' title="bbox 312 1517 1380 1616; baseline 0.001 -23"><span class='ocrx_word' id='word_1_56' title='bbox 312 1541 453 1616; x_wconf 89' lang='lat' dir='ltr'>cunque</span> <span class='ocrx_word' id='word_1_57' title='bbox 471 1517 657 1616; x_wconf 80' lang='lat' dir='ltr'>scriptores</span> <span class='ocrx_word' id='word_1_58' title='bbox 676 1518 718 1592; x_wconf 92' lang='lat' dir='ltr'>de</span> <span class='ocrx_word' id='word_1_59' title='bbox 736 1517 869 1593; x_wconf 90' lang='lat' dir='ltr'>ratione</span> <span class='ocrx_word' id='word_1_60' title='bbox 888 1517 1064 1592; x_wconf 90' lang='lat' dir='ltr'>scribendi</span> <span class='ocrx_word' id='word_1_61' title='bbox 1083 1517 1194 1614; x_wconf 90' lang='lat' dir='ltr'>magis</span> <span class='ocrx_word' id='word_1_62' title='bbox 1208 1541 1313 1615; x_wconf 90' lang='lat' dir='ltr'>quam</span> <span class='ocrx_word' id='word_1_63' title='bbox 1334 1520 1380 1594; x_wconf 92' lang='lat' dir='ltr'>de</span> 
     </span>
    </p>
   </div>
   <div class='ocr_carea' id='block_1_4' title="bbox 311 1641 1505 1740">
    <p class='ocr_par' dir='ltr' id='par_1_4' title="bbox 311 1641 1505 1740">
     <span class='ocr_line' id='line_1_10' title="bbox 311 1641 1505 1740; baseline -0.001 -23"><span class='ocrx_word' id='word_1_64' title='bbox 311 1643 417 1718; x_wconf 91' lang='lat' dir='ltr'>rebus</span> <span class='ocrx_word' id='word_1_65' title='bbox 429 1641 1122 1740; x_wconf 85' lang='lat' dir='ltr'>scriptisincipiuntessesolliciti,toties</span> <span class='ocrx_word' id='word_1_66' title='bbox 1135 1642 1257 1718; x_wconf 88' lang='lat' dir='ltr'>litterae</span> <span class='ocrx_word' id='word_1_67' title='bbox 1269 1643 1380 1717; x_wconf 89' lang='lat' dir='ltr'>dilabi</span> <span class='ocrx_word' id='word_1_68' title='bbox 1504 1641 1505 1646; x_wconf 63' lang='lat'>‘</span> 
     </span>
    </p>
   </div>
   <div class='ocr_carea' id='block_1_5' title="bbox 277 1759 1387 4173">
    <p class='ocr_par' dir='ltr' id='par_1_5' title="bbox 277 1759 1387 4173">
     <span class='ocr_line' id='line_1_11' title="bbox 311 1759 1378 1860; baseline 0 -23"><span class='ocrx_word' id='word_1_69' title='bbox 311 1785 352 1837; x_wconf 84' lang='lat' dir='ltr'>ec</span> <span class='ocrx_word' id='word_1_70' title='bbox 371 1761 557 1836; x_wconf 87' lang='lat' dir='ltr'>concidere</span> <span class='ocrx_word' id='word_1_71' title='bbox 572 1760 696 1835; x_wconf 91' lang='lat' dir='ltr'>solent.</span> <span class='ocrx_word' id='word_1_72' title='bbox 712 1760 751 1835; x_wconf 93' lang='lat' dir='ltr'>ld</span> <span class='ocrx_word' id='word_1_73' title='bbox 765 1759 923 1836; x_wconf 83' lang='lat' dir='ltr'>Bolaeum</span> <span class='ocrx_word' id='word_1_74' title='bbox 937 1772 1098 1836; x_wconf 89' lang='lat' dir='ltr'>nostrum</span> <span class='ocrx_word' id='word_1_75' title='bbox 1116 1783 1187 1836; x_wconf 91' lang='lat' dir='ltr'>non</span> <span class='ocrx_word' id='word_1_76' title='bbox 1205 1762 1378 1860; x_wconf 78' lang='lat' dir='ltr'>fugiebat,</span> 
     </span>
     <span class='ocr_line' id='line_1_12' title="bbox 310 1880 1379 1979; baseline -0.001 -22"><span class='ocrx_word' id='word_1_77' title='bbox 310 1905 393 1958; x_wconf 92' lang='lat' dir='ltr'>cum</span> <span class='ocrx_word' id='word_1_78' title='bbox 418 1881 489 1957; x_wconf 89' lang='lat' dir='ltr'>sale</span> <span class='ocrx_word' id='word_1_79' title='bbox 516 1880 629 1956; x_wconf 90' lang='lat' dir='ltr'>multo</span> <span class='ocrx_word' id='word_1_80' title='bbox 652 1881 788 1978; x_wconf 91' lang='lat' dir='ltr'>ineptos</span> <span class='ocrx_word' id='word_1_81' title='bbox 812 1880 996 1956; x_wconf 84' lang='lat' dir='ltr'>defricaret</span> <span class='ocrx_word' id='word_1_82' title='bbox 1017 1890 1152 1979; x_wconf 89' lang='lat' dir='ltr'>poetas,</span> <span class='ocrx_word' id='word_1_83' title='bbox 1175 1882 1252 1979; x_wconf 90' lang='lat' dir='ltr'>qui,</span> <span class='ocrx_word' id='word_1_84' title='bbox 1274 1881 1379 1957; x_wconf 89' lang='lat' dir='ltr'>lridis</span> 
     </span>
     <span class='ocr_line' id='line_1_13' title="bbox 311 2003 1379 2102; baseline 0 -23"><span class='ocrx_word' id='word_1_85' title='bbox 311 2027 429 2080; x_wconf 87' lang='lat' dir='ltr'>amore</span> <span class='ocrx_word' id='word_1_86' title='bbox 455 2004 563 2102; x_wconf 89' lang='lat' dir='ltr'>capti,</span> <span class='ocrx_word' id='word_1_87' title='bbox 582 2004 738 2100; x_wconf 88' lang='lat' dir='ltr'>quotidie</span> <span class='ocrx_word' id='word_1_88' title='bbox 757 2003 846 2078; x_wconf 92' lang='lat' dir='ltr'>bene</span> <span class='ocrx_word' id='word_1_89' title='bbox 865 2003 935 2101; x_wconf 92' lang='lat' dir='ltr'>poti</span> <span class='ocrx_word' id='word_1_90' title='bbox 955 2015 989 2078; x_wconf 90' lang='lat' dir='ltr'>et</span> <span class='ocrx_word' id='word_1_91' title='bbox 1012 2003 1101 2078; x_wconf 91' lang='lat' dir='ltr'>bene</span> <span class='ocrx_word' id='word_1_92' title='bbox 1125 2005 1244 2102; x_wconf 90' lang='lat' dir='ltr'>pransi</span> <span class='ocrx_word' id='word_1_93' title='bbox 1262 2015 1379 2080; x_wconf 88' lang='lat' dir='ltr'>trans-</span> 
     </span>
     <span class='ocr_line' id='line_1_14' title="bbox 312 2123 1380 2210; baseline 0 -12"><span class='ocrx_word' id='word_1_94' title='bbox 312 2125 413 2199; x_wconf 88' lang='lat' dir='ltr'>lative</span> <span class='ocrx_word' id='word_1_95' title='bbox 439 2123 692 2198; x_wconf 89' lang='lat' dir='ltr'>moriebantur.</span> <span class='ocrx_word' id='word_1_96' title='bbox 727 2124 818 2210; x_wconf 84' lang='lat' dir='ltr'>Quid</span> <span class='ocrx_word' id='word_1_97' title='bbox 845 2134 897 2198; x_wconf 89' lang='lat' dir='ltr'>est</span> <span class='ocrx_word' id='word_1_98' title='bbox 923 2145 987 2198; x_wconf 90' lang='lat' dir='ltr'>cur</span> <span class='ocrx_word' id='word_1_99' title='bbox 1011 2124 1186 2199; x_wconf 90' lang='lat' dir='ltr'>Homerus</span> <span class='ocrx_word' id='word_1_100' title='bbox 1217 2124 1264 2198; x_wconf 90' lang='lat' dir='ltr'>ita</span> <span class='ocrx_word' id='word_1_101' title='bbox 1289 2125 1380 2200; x_wconf 88' lang='lat' dir='ltr'>Deos</span> 
     </span>
     <span class='ocr_line' id='line_1_15' title="bbox 311 2248 1379 2346; baseline 0.001 -24"><span class='ocrx_word' id='word_1_102' title='bbox 311 2248 472 2344; x_wconf 81' lang='lat' dir='ltr'>effingat,</span> <span class='ocrx_word' id='word_1_103' title='bbox 494 2257 535 2322; x_wconf 90' lang='lat' dir='ltr'>ut</span> <span class='ocrx_word' id='word_1_104' title='bbox 555 2269 614 2322; x_wconf 92' lang='lat' dir='ltr'>eos</span> <span class='ocrx_word' id='word_1_105' title='bbox 631 2249 743 2323; x_wconf 90' lang='lat' dir='ltr'>vivere</span> <span class='ocrx_word' id='word_1_106' title='bbox 766 2258 800 2322; x_wconf 90' lang='lat' dir='ltr'>et</span> <span class='ocrx_word' id='word_1_107' title='bbox 817 2248 949 2346; x_wconf 91' lang='lat' dir='ltr'>spirare</span> <span class='ocrx_word' id='word_1_108' title='bbox 968 2248 1106 2338; x_wconf 75' lang='lat' dir='ltr'>credre,</span> <span class='ocrx_word' id='word_1_109' title='bbox 1124 2259 1230 2346; x_wconf 89' lang='lat' dir='ltr'>atque</span> <span class='ocrx_word' id='word_1_110' title='bbox 1248 2270 1307 2324; x_wconf 92' lang='lat' dir='ltr'>eos</span> <span class='ocrx_word' id='word_1_111' title='bbox 1332 2250 1379 2323; x_wconf 91' lang='lat' dir='ltr'>ita</span> 
     </span>
     <span class='ocr_line' id='line_1_16' title="bbox 312 2367 1380 2466; baseline 0.004 -27"><span class='ocrx_word' id='word_1_112' title='bbox 312 2367 459 2442; x_wconf 90' lang='lat' dir='ltr'>inducat</span> <span class='ocrx_word' id='word_1_113' title='bbox 481 2390 544 2441; x_wconf 92' lang='lat' dir='ltr'>seu</span> <span class='ocrx_word' id='word_1_114' title='bbox 569 2367 770 2464; x_wconf 85' lang='lat' dir='ltr'>loquentes,</span> <span class='ocrx_word' id='word_1_115' title='bbox 795 2391 854 2443; x_wconf 92' lang='lat' dir='ltr'>seu</span> <span class='ocrx_word' id='word_1_116' title='bbox 882 2379 1043 2466; x_wconf 78' lang='lat' dir='ltr'>agenteS,</span> <span class='ocrx_word' id='word_1_117' title='bbox 1065 2380 1106 2443; x_wconf 90' lang='lat' dir='ltr'>ut</span> <span class='ocrx_word' id='word_1_118' title='bbox 1129 2392 1253 2445; x_wconf 92' lang='lat' dir='ltr'>eorum</span> <span class='ocrx_word' id='word_1_119' title='bbox 1276 2370 1380 2445; x_wconf 87' lang='lat' dir='ltr'>verba</span> 
     </span>
     <span class='ocr_line' id='line_1_17' title="bbox 314 2489 1382 2591; baseline 0.005 -29"><span class='ocrx_word' id='word_1_120' title='bbox 314 2489 455 2579; x_wconf 86' lang='lat' dir='ltr'>audire,</span> <span class='ocrx_word' id='word_1_121' title='bbox 470 2511 594 2563; x_wconf 91' lang='lat' dir='ltr'>eorum</span> <span class='ocrx_word' id='word_1_122' title='bbox 610 2490 698 2565; x_wconf 90' lang='lat' dir='ltr'>sacta</span> <span class='ocrx_word' id='word_1_123' title='bbox 710 2490 827 2565; x_wconf 89' lang='lat' dir='ltr'>videre</span> <span class='ocrx_word' id='word_1_124' title='bbox 844 2491 905 2565; x_wconf 91' lang='lat' dir='ltr'>tibi</span> <span class='ocrx_word' id='word_1_125' title='bbox 925 2492 1094 2582; x_wconf 90' lang='lat' dir='ltr'>videaris,</span> <span class='ocrx_word' id='word_1_126' title='bbox 1110 2492 1180 2584; x_wconf 86' lang='lat' dir='ltr'>¹nisi</span> <span class='ocrx_word' id='word_1_127' title='bbox 1195 2492 1276 2590; x_wconf 83' lang='lat' dir='ltr'>quia</span> <span class='ocrx_word' id='word_1_128' title='bbox 1292 2516 1382 2591; x_wconf 91' lang='lat' dir='ltr'>prae-</span> 
     </span>
     <span class='ocr_line' id='line_1_18' title="bbox 315 2607 1381 2709; baseline 0.001 -26"><span class='ocrx_word' id='word_1_129' title='bbox 315 2607 432 2683; x_wconf 81' lang='lat' dir='ltr'>clarus</span> <span class='ocrx_word' id='word_1_130' title='bbox 455 2607 514 2681; x_wconf 93' lang='lat' dir='ltr'>ille</span> <span class='ocrx_word' id='word_1_131' title='bbox 535 2609 586 2682; x_wconf 92' lang='lat' dir='ltr'>vir</span> <span class='ocrx_word' id='word_1_132' title='bbox 606 2631 685 2705; x_wconf 89' lang='lat' dir='ltr'>quae</span> <span class='ocrx_word' id='word_1_133' title='bbox 707 2609 750 2682; x_wconf 94' lang='lat' dir='ltr'>de</span> <span class='ocrx_word' id='word_1_134' title='bbox 772 2609 838 2683; x_wconf 92' lang='lat' dir='ltr'>diis</span> <span class='ocrx_word' id='word_1_135' title='bbox 859 2623 979 2686; x_wconf 87' lang='lat' dir='ltr'>narrat</span> <span class='ocrx_word' id='word_1_136' title='bbox 995 2611 1071 2709; x_wconf 92' lang='lat' dir='ltr'>ipse</span> <span class='ocrx_word' id='word_1_137' title='bbox 1087 2633 1167 2686; x_wconf 90' lang='lat' dir='ltr'>vera</span> <span class='ocrx_word' id='word_1_138' title='bbox 1187 2635 1263 2686; x_wconf 93' lang='lat' dir='ltr'>esse</span> <span class='ocrx_word' id='word_1_139' title='bbox 1285 2611 1381 2685; x_wconf 91' lang='lat' dir='ltr'>arbi-</span> 
     </span>
     <span class='ocr_line' id='line_1_19' title="bbox 316 2731 1381 2833; baseline 0.002 -28"><span class='ocrx_word' id='word_1_140' title='bbox 316 2733 452 2806; x_wconf 88' lang='lat' dir='ltr'>tratur‘l</span> <span class='ocrx_word' id='word_1_141' title='bbox 468 2731 602 2806; x_wconf 82' lang='lat' dir='ltr'>-Gur</span> <span class='ocrx_word' id='word_1_142' title='bbox 619 2733 793 2808; x_wconf 88' lang='lat' dir='ltr'>maximus</span> <span class='ocrx_word' id='word_1_143' title='bbox 811 2734 870 2809; x_wconf 90' lang='lat' dir='ltr'>ille</span> <span class='ocrx_word' id='word_1_144' title='bbox 888 2735 994 2810; x_wconf 92' lang='lat' dir='ltr'>medii</span> <span class='ocrx_word' id='word_1_145' title='bbox 1013 2735 1075 2809; x_wconf 84' lang='lat' dir='ltr'>aevi</span> <span class='ocrx_word' id='word_1_146' title='bbox 1093 2746 1210 2833; x_wconf 90' lang='lat' dir='ltr'>poeta,</span> <span class='ocrx_word' id='word_1_147' title='bbox 1230 2737 1381 2833; x_wconf 88' lang='lat' dir='ltr'>quinon</span> 
     </span>
     <span class='ocr_line' id='line_1_20' title="bbox 316 2854 1382 2952; baseline 0.004 -25"><span class='ocrx_word' id='word_1_148' title='bbox 316 2855 443 2952; x_wconf 84' lang='lat' dir='ltr'>injuria</span> <span class='ocrx_word' id='word_1_149' title='bbox 470 2854 556 2928; x_wconf 88' lang='lat' dir='ltr'>alter</span> <span class='ocrx_word' id='word_1_150' title='bbox 580 2854 730 2929; x_wconf 89' lang='lat' dir='ltr'>habetur</span> <span class='ocrx_word' id='word_1_151' title='bbox 755 2859 790 2929; x_wconf 87' lang='lat' dir='ltr'>e&#39;t</span> <span class='ocrx_word' id='word_1_152' title='bbox 816 2855 945 2931; x_wconf 89' lang='lat' dir='ltr'>dieitur</span> <span class='ocrx_word' id='word_1_153' title='bbox 970 2858 1163 2949; x_wconf 77' lang='lat' dir='ltr'>HomeruS,</span> <span class='ocrx_word' id='word_1_154' title='bbox 1190 2859 1266 2933; x_wconf 92' lang='lat' dir='ltr'>dira</span> <span class='ocrx_word' id='word_1_155' title='bbox 1292 2859 1347 2932; x_wconf 93' lang='lat' dir='ltr'>inf</span> <span class='ocrx_word' id='word_1_156' title='bbox 1364 2901 1382 2915; x_wconf 93' lang='lat'>·</span> 
     </span>
     <span class='ocr_line' id='line_1_21' title="bbox 316 2977 1382 3075; baseline 0.003 -24"><span class='ocrx_word' id='word_1_157' title='bbox 316 3001 438 3051; x_wconf 88' lang='lat' dir='ltr'>rorum</span> <span class='ocrx_word' id='word_1_158' title='bbox 464 2977 654 3075; x_wconf 90' lang='lat' dir='ltr'>supplicia,</span> <span class='ocrx_word' id='word_1_159' title='bbox 681 2990 784 3074; x_wconf 88' lang='lat' dir='ltr'>atque</span> <span class='ocrx_word' id='word_1_160' title='bbox 801 2989 949 3055; x_wconf 87' lang='lat' dir='ltr'>aeternos</span> <span class='ocrx_word' id='word_1_161' title='bbox 971 2981 1218 3056; x_wconf 87' lang='lat' dir='ltr'>damnatorum</span> <span class='ocrx_word' id='word_1_162' title='bbox 1246 2980 1382 3056; x_wconf 92' lang='lat' dir='ltr'>dolores</span> 
     </span>
     <span class='ocr_line' id='line_1_22' title="bbox 317 3096 1383 3197; baseline 0.005 -28"><span class='ocrx_word' id='word_1_163' title='bbox 317 3096 522 3171; x_wconf 90' lang='lat' dir='ltr'>horribilem</span> <span class='ocrx_word' id='word_1_164' title='bbox 547 3098 582 3170; x_wconf 91' lang='lat' dir='ltr'>in</span> <span class='ocrx_word' id='word_1_165' title='bbox 608 3097 756 3172; x_wconf 92' lang='lat' dir='ltr'>modum</span> <span class='ocrx_word' id='word_1_166' title='bbox 778 3097 950 3196; x_wconf 90' lang='lat' dir='ltr'>depinxit,</span> <span class='ocrx_word' id='word_1_167' title='bbox 970 3099 1036 3174; x_wconf 92' lang='lat' dir='ltr'>nisi</span> <span class='ocrx_word' id='word_1_168' title='bbox 1059 3101 1154 3197; x_wconf 91' lang='lat' dir='ltr'>quod</span> <span class='ocrx_word' id='word_1_169' title='bbox 1178 3122 1248 3173; x_wconf 91' lang='lat' dir='ltr'>non</span> <span class='ocrx_word' id='word_1_170' title='bbox 1268 3100 1383 3175; x_wconf 92' lang='lat' dir='ltr'>solum</span> 
     </span>
     <span class='ocr_line' id='line_1_23' title="bbox 317 3217 1386 3320; baseline 0.006 -30"><span class='ocrx_word' id='word_1_171' title='bbox 317 3217 438 3292; x_wconf 90' lang='lat' dir='ltr'>inferis</span> <span class='ocrx_word' id='word_1_172' title='bbox 460 3219 650 3294; x_wconf 89' lang='lat' dir='ltr'>adhibebat</span> <span class='ocrx_word' id='word_1_173' title='bbox 672 3220 796 3309; x_wconf 88' lang='lat' dir='ltr'>fidem,</span> <span class='ocrx_word' id='word_1_174' title='bbox 820 3220 879 3294; x_wconf 94' lang='lat' dir='ltr'>sed</span> <span class='ocrx_word' id='word_1_175' title='bbox 905 3221 1009 3296; x_wconf 88' lang='lat' dir='ltr'>etiam</span> <span class='ocrx_word' id='word_1_176' title='bbox 1034 3245 1092 3297; x_wconf 92' lang='lat' dir='ltr'>eos</span> <span class='ocrx_word' id='word_1_177' title='bbox 1116 3222 1386 3320; x_wconf 90' lang='lat' dir='ltr'>pertimescebat</span> 
     </span>
     <span class='ocr_line' id='line_1_24' title="bbox 318 3341 1385 3443; baseline 0.005 -29"><span class='ocrx_word' id='word_1_178' title='bbox 318 3352 421 3436; x_wconf 87' lang='lat' dir='ltr'>atque</span> <span class='ocrx_word' id='word_1_179' title='bbox 442 3341 630 3415; x_wconf 82' lang='lat' dir='ltr'>horrebat?</span> <span class='ocrx_word' id='word_1_180' title='bbox 647 3342 760 3416; x_wconf 90' lang='lat' dir='ltr'>Rudis</span> <span class='ocrx_word' id='word_1_181' title='bbox 778 3353 812 3417; x_wconf 87' lang='lat' dir='ltr'>et</span> <span class='ocrx_word' id='word_1_182' title='bbox 830 3343 1083 3441; x_wconf 89' lang='lat' dir='ltr'>incompositus</span> <span class='ocrx_word' id='word_1_183' title='bbox 1102 3345 1305 3443; x_wconf 88' lang='lat' dir='ltr'>aliquando,</span> <span class='ocrx_word' id='word_1_184' title='bbox 1324 3345 1385 3421; x_wconf 93' lang='lat' dir='ltr'>sed</span> 
     </span>
     <span class='ocr_line' id='line_1_25' title="bbox 319 3459 1384 3561; baseline 0.007 -29"><span class='ocrx_word' id='word_1_185' title='bbox 319 3459 483 3534; x_wconf 91' lang='lat' dir='ltr'>sublimis</span> <span class='ocrx_word' id='word_1_186' title='bbox 499 3471 616 3535; x_wconf 90' lang='lat' dir='ltr'>tamen</span> <span class='ocrx_word' id='word_1_187' title='bbox 631 3473 667 3534; x_wconf 91' lang='lat' dir='ltr'>et</span> <span class='ocrx_word' id='word_1_188' title='bbox 680 3462 933 3559; x_wconf 87' lang='lat' dir='ltr'>grandiloquus</span> <span class='ocrx_word' id='word_1_189' title='bbox 947 3473 1055 3554; x_wconf 89' lang='lat' dir='ltr'>vates,</span> <span class='ocrx_word' id='word_1_190' title='bbox 1070 3465 1131 3561; x_wconf 92' lang='lat' dir='ltr'>qui</span> <span class='ocrx_word' id='word_1_191' title='bbox 1147 3464 1190 3538; x_wconf 92' lang='lat' dir='ltr'>ad</span> <span class='ocrx_word' id='word_1_192' title='bbox 1204 3488 1384 3540; x_wconf 91' lang='lat' dir='ltr'>summum</span> 
     </span>
     <span class='ocr_line' id='line_1_26' title="bbox 319 3582 1384 3686; baseline 0.009 -31"><span class='ocrx_word' id='word_1_193' title='bbox 319 3582 440 3680; x_wconf 89' lang='lat' dir='ltr'>gloriae</span> <span class='ocrx_word' id='word_1_194' title='bbox 463 3584 638 3679; x_wconf 84' lang='lat' dir='ltr'>fastigium</span> <span class='ocrx_word' id='word_1_195' title='bbox 663 3584 897 3661; x_wconf 88' lang='lat' dir='ltr'>britannicam</span> <span class='ocrx_word' id='word_1_196' title='bbox 923 3590 1031 3661; x_wconf 86' lang='lat' dir='ltr'>evexit</span> <span class='ocrx_word' id='word_1_197' title='bbox 1054 3589 1276 3686; x_wconf 85' lang='lat' dir='ltr'>tragoediam,</span> <span class='ocrx_word' id='word_1_198' title='bbox 1302 3613 1384 3665; x_wconf 92' lang='lat' dir='ltr'>cum</span> 
     </span>
     <span class='ocr_line' id='line_1_27' title="bbox 322 3705 1384 3802; baseline 0.008 -24"><span class='ocrx_word' id='word_1_199' title='bbox 322 3705 491 3780; x_wconf 88' lang='lat' dir='ltr'>infaustas</span> <span class='ocrx_word' id='word_1_200' title='bbox 507 3706 588 3779; x_wconf 88' lang='lat' dir='ltr'>istas</span> <span class='ocrx_word' id='word_1_201' title='bbox 604 3728 721 3801; x_wconf 89' lang='lat' dir='ltr'>sagas,</span> <span class='ocrx_word' id='word_1_202' title='bbox 738 3719 862 3801; x_wconf 87' lang='lat' dir='ltr'>noctu,</span> <span class='ocrx_word' id='word_1_203' title='bbox 880 3709 1015 3785; x_wconf 89' lang='lat' dir='ltr'>deserto</span> <span class='ocrx_word' id='word_1_204' title='bbox 1034 3720 1068 3785; x_wconf 90' lang='lat' dir='ltr'>et</span> <span class='ocrx_word' id='word_1_205' title='bbox 1079 3711 1226 3786; x_wconf 92' lang='lat' dir='ltr'>deformi</span> <span class='ocrx_word' id='word_1_206' title='bbox 1240 3713 1275 3785; x_wconf 92' lang='lat' dir='ltr'>in</span> <span class='ocrx_word' id='word_1_207' title='bbox 1290 3712 1384 3802; x_wconf 90' lang='lat' dir='ltr'>loco,</span> 
     </span>
     <span class='ocr_line' id='line_1_28' title="bbox 277 3827 1387 3927; baseline 0.005 -25"><span class='ocrx_word' id='word_1_208' title='bbox 277 3827 281 3835; x_wconf 89' lang='grc'><strong><em>’</em></strong></span> <span class='ocrx_word' id='word_1_209' title='bbox 323 3827 506 3917; x_wconf 82' lang='lat' dir='ltr'>saltantes,</span> <span class='ocrx_word' id='word_1_210' title='bbox 525 3827 807 3927; x_wconf 89' lang='lat' dir='ltr'>interruptasque</span> <span class='ocrx_word' id='word_1_211' title='bbox 824 3854 924 3907; x_wconf 89' lang='lat' dir='ltr'>voces</span> <span class='ocrx_word' id='word_1_212' title='bbox 939 3833 1151 3924; x_wconf 87' lang='lat' dir='ltr'>emittentes,</span> <span class='ocrx_word' id='word_1_213' title='bbox 1171 3834 1337 3909; x_wconf 88' lang='lat' dir='ltr'>describit</span> <span class='ocrx_word' id='word_1_214' title='bbox 1352 3846 1387 3910; x_wconf 92' lang='lat' dir='ltr'>et</span> 
     </span>
     <span class='ocr_line' id='line_1_29' title="bbox 324 3953 1386 4060; baseline 0.005 -30"><span class='ocrx_word' id='word_1_215' title='bbox 324 3953 468 4056; x_wconf 87' lang='lat' dir='ltr'>subjicit</span> <span class='ocrx_word' id='word_1_216' title='bbox 491 3954 557 4028; x_wconf 94' lang='lat' dir='ltr'>sub</span> <span class='ocrx_word' id='word_1_217' title='bbox 575 3953 715 4046; x_wconf 93' lang='lat' dir='ltr'>oculos,</span> <span class='ocrx_word' id='word_1_218' title='bbox 734 3977 851 4034; x_wconf 91' lang='lat' dir='ltr'>nonne</span> <span class='ocrx_word' id='word_1_219' title='bbox 866 3957 945 4033; x_wconf 91' lang='lat' dir='ltr'>ideo</span> <span class='ocrx_word' id='word_1_220' title='bbox 967 3957 1143 4035; x_wconf 87' lang='lat' dir='ltr'>auditores</span> <span class='ocrx_word' id='word_1_221' title='bbox 1160 3970 1282 4052; x_wconf 89' lang='lat' dir='ltr'>terret,</span> <span class='ocrx_word' id='word_1_222' title='bbox 1305 3959 1386 4060; x_wconf 88' lang='lat' dir='ltr'>quia</span> 
     </span>
     <span class='ocr_line' id='line_1_30' title="bbox 324 4075 591 4173; baseline 0 -25"><span class='ocrx_word' id='word_1_223' title='bbox 324 4075 399 4173; x_wconf 93' lang='lat' dir='ltr'>ipse</span> <span class='ocrx_word' id='word_1_224' title='bbox 415 4075 591 4149; x_wconf 86' lang='lat' dir='ltr'>terretur?</span> 
     </span>
    </p>
   </div>
   <div class='ocr_carea' id='block_1_6' title="bbox 376 4194 1387 4310">
    <p class='ocr_par' dir='ltr' id='par_1_6' title="bbox 376 4194 1387 4310">
     <span class='ocr_line' id='line_1_31' title="bbox 376 4194 1387 4310; baseline 0.008 -39"><span class='ocrx_word' id='word_1_225' title='bbox 376 4194 467 4272; x_wconf 86' lang='lat' dir='ltr'>Cum</span> <span class='ocrx_word' id='word_1_226' title='bbox 481 4220 559 4273; x_wconf 84' lang='lat' dir='ltr'>vero</span> <span class='ocrx_word' id='word_1_227' title='bbox 575 4197 790 4297; x_wconf 90' lang='lat' dir='ltr'>philosophi,</span> <span class='ocrx_word' id='word_1_228' title='bbox 809 4223 873 4277; x_wconf 91' lang='lat' dir='ltr'>nec</span> <span class='ocrx_word' id='word_1_229' title='bbox 887 4201 979 4277; x_wconf 87' lang='lat' dir='ltr'>lovis</span> <span class='ocrx_word' id='word_1_230' title='bbox 996 4202 1127 4300; x_wconf 83' lang='lat' dir='ltr'>grande</span> <span class='ocrx_word' id='word_1_231' title='bbox 1143 4203 1387 4310; x_wconf 89' lang='lat' dir='ltr'>supercilium,</span> 
     </span>
    </p>
   </div>
   <div class='ocr_carea' id='block_1_7' title="bbox 0 0 1541 5086">
    <p class='ocr_par' dir='ltr' id='par_1_7' title="bbox 0 0 1541 5086">
     <span class='ocr_line' id='line_1_32' title="bbox 0 0 1541 5086; baseline 0 0"><span class='ocrx_word' id='word_1_232' title='bbox 0 0 1541 5086; x_wconf 95' lang='lat' dir='ltr'> </span> 
     </span>
    </p>
   </div>
  </div>
 </body>
</html>
