3042 5086
657 549 698 624 ll

71 756 75 763 -
142 700 190 774 de
204 697 353 797 pulchro
371 718 511 794 quoquc
527 696 676 772 libenter
694 695 972 796 praedicaverim,
989 717 1114 793 nempe
1129 692 1213 784 hoc,

143 817 284 896 etiamsi
314 840 332 890 a
360 815 457 891 nullo
485 816 666 908 laudetur,
685 828 808 891 natura
833 837 909 890 essc
933 813 1118 888 laudabile.
1138 813 1213 889 Nisi

143 944 235 1017 sorte
249 941 338 1015 liber
352 939 500 1036 quisque
518 961 557 1014 ex
576 962 724 1014 numero
742 938 859 1037 potins
882 960 989 1037 quam
1007 947 1046 1012 ert
1065 937 1216 1034 pruden-

144 1065 194 1140 tia
221 1064 393 1138 lectorum
419 1061 645 1136 aestimandus
669 1073 737 1152 est,
762 1085 803 1136 ac
827 1061 976 1158 scriptor
999 1059 1058 1158 qui
1082 1059 1213 1158 vulgari

148 1206 311 1260 sermone
326 1193 360 1258 et
374 1182 501 1257 labulis
519 1183 645 1282 ineptis
659 1183 818 1281 ineptum
835 1182 959 1280 vulgus
976 1193 1149 1272 moratur,
1164 1196 1217 1258 est

148 1330 233 1382 cum
262 1305 420 1380 Pascalio
452 1305 726 1402 Bossuetioque,
758 1305 975 1402 intelligendi
1006 1314 1040 1380 et
1074 1305 1215 1381 dicendi

147 1428 359 1526 gravissimis
384 1429 586 1503 auctoribus
612 1441 646 1504 et
671 1428 863 1526 magistriS,
886 1427 1153 1527 comparandus.
1178 1429 1215 1505 Si

150 1550 475 1626 homines-omnino
501 1551 606 1627 rudes
633 1562 667 1626 et
693 1574 737 1626 ne
765 1551 889 1650 primis
917 1551 1061 1650 quidem
1084 1551 1214 1627 artium

153 1673 329 1748 elementis
347 1671 493 1765 imbuti,
512 1698 582 1750 non
599 1698 637 1750 ea
656 1699 795 1776 semper
812 1687 996 1752 moventur
1014 1676 1213 1775 pulchritu*

152 1797 250 1887 dine,
268 1820 345 1894 quae
362 1820 402 1872 ex
422 1798 598 1890 colorum,
620 1821 788 1874 sonorum
811 1801 1073 1896 formarumque
1094 1805 1215 1876 ‘conva-

150 1919 280 1993 nientia
298 1921 486 2010 conflatur,
503 1923 767 2018 quantominus
785 1922 1048 2022 pulchritudine
1062 1945 1119 2013 ea,
1137 1945 1215 2019 quae

148 2065 189 2115 ex
208 2042 366 2116 idearum
383 2045 569 2119 concordia
588 2055 622 2119 et
640 2067 813 2120 consensu
830 2046 866 2120 in
882 2069 995 2120 unum
1010 2044 1214 2120 coeuntium

148 2165 324 2254 nascitur,
343 2167 432 2242 affici
447 2167 613 2266 possunt!
630 2169 698 2245 Sed
717 2170 822 2268 hujus
837 2170 972 2266 generis
987 2167 1213 2266 pulchritudo

150 2311 219 2365 non
240 2302 293 2365 est
310 2291 387 2366 ideo
414 2293 593 2390 neganda,
611 2293 692 2391 quia
715 2293 816 2390 vulgo
845 2316 914 2368 non
938 2292 1157 2389 agnoscitur,
1176 2302 1214 2366 ut

148 2412 244 2508 parvi
263 2433 334 2485 non
359 2422 442 2486 sunt
465 2412 668 2488 aestimando
693 2436 732 2487 ea
757 2436 834 2510 quae
853 2411 1091 2490 mathematici
1109 2412 1215 2511 profi-

149 2548 268 2611 tentur
296 2538 532 2630 theoremata,
563 2538 656 2637 quod
687 2538 846 2613 homines
875 2537 1060 2636 plerosque
1090 2537 1215 2628 latent,

149 2662 210 2758 qui
233 2683 272 2735 ea
298 2661 334 2736 in
353 2662 566 2738 obscuritate
592 2685 710 2766 rerum
735 2673 768 2738 et
786 2685 825 2738 ea
847 2663 1026 2739 recondita
1045 2661 1081 2737 in
1108 2661 1215 2738 disci-

150 2781 245 2879 plina
261 2805 331 2856 non
349 2789 543 2857 versantur.

198 2904 299 2991 Quod
327 2906 356 2979 si
383 2904 523 2980 nullum
549 2904 644 2980 aliud
670 2906 836 2981 haberem
860 2916 1126 3002 argumentum,
1153 2927 1216 2979 cur

149 3024 442 3124 philosophorum
465 3024 622 3099 instituta
651 3026 795 3123 poeticis
824 3025 1039 3100 ornamentis
1065 3047 1134 3099 non
1162 3048 1215 3099 rc·

149 3166 306 3241 pugnare
325 3143 530 3233 arbitrarer,
549 3166 589 3219 eo
604 3144 656 3218 vel
677 3144 751 3218 solo
767 3166 877 3219 essem
898 3153 1103 3233 contentus,
1122 3144 1215 3241 quod

81 3369 84 3376 ι
150 3265 316 3364 derebus
344 3268 501 3356 rusticis,
522 3267 650 3365 quibus
677 3290 798 3366 paucae
823 3267 998 3343 tenuiores
1022 3277 1124 3355 sunt,
1145 3278 1216 3341 tam

150 3393 322 3469 luculenti
339 3416 459 3469 versus
478 3417 496 3467 a
515 3393 658 3490 Virgilio
677 3393 819 3467 suerunt
842 3390 981 3491 scripti,
997 3403 1031 3466 et
1048 3391 1142 3488 quod
1161 3415 1216 3466 ars

151 3519 303 3617 poetica,
323 3519 423 3618 cujus
445 3529 615 3617 praecepta
637 3518 730 3593 sicca
751 3518 895 3616 paulum
918 3527 953 3592 et
970 3516 1066 3592 arida
1084 3519 1217 3593 haben-

152 3651 229 3730 tur,
248 3652 318 3713 tam
333 3641 479 3717 feliciter
497 3665 515 3715 a
530 3641 657 3717 Flacco
673 3639 857 3738 Rolaeoque
873 3640 937 3716 suit
954 3649 1109 3715 tractata.
1128 3640 1217 3716 Cum

152 3763 243 3853 baec,
262 3763 522 3861 qualiacunque
540 3773 641 3854 sunt,
659 3765 701 3838 de
719 3763 849 3861 quibus
868 3764 1008 3860 loquor,
1031 3786 1102 3837 non
1117 3764 1217 3838 steri-

151 3883 220 3956 lem
240 3883 349 3979 poetis
367 3881 581 3979 praebuerint
601 3882 800 3972 materiam,
819 3883 977 3980 quamvis
996 3904 1065 3956 non
1085 3882 1132 3956 ita
1151 3883 1219 3956 late

152 4014 306 4101 pateant,
317 4027 431 4101 neque
442 4006 485 4079 ad
498 4006 768 4081 commovendos
778 4005 913 4080 animos
926 4025 1137 4102 magnopere
1150 4004 1221 4078 sint

152 4123 297 4212 idonea,
316 4123 401 4220 quid
423 4122 466 4198 de
486 4123 697 4198 sublimibus
717 4124 788 4198 illis
807 4124 954 4200 decretis
976 4148 1017 4200 ac
1036 4125 1218 4223 praeceptis

153 4244 423 4321 existimandum
447 4255 498 4320 est
525 4268 602 4343 quae
626 4269 707 4321 cum
734 4246 778 4321 ad
800 4245 912 4321 Deum
931 4247 1076 4344 ejusque
1103 4247 1217 4344 provi-
