3042 5086
791 481 839 558 st

281 654 349 729 que
365 639 549 706 auctorum
560 629 783 706 firmissimus
797 641 1052 730 propugnator,
1075 641 1109 704 et
1123 629 1343 704 molientium

279 772 366 826 nova
390 751 646 848 deterrimaque
669 751 706 824 in
732 750 856 825 litteris
881 750 979 826 idem
1003 750 1193 825 insectator
1211 750 1342 824 acerri-

278 898 378 967 mus,
396 876 439 951 de
455 877 561 975 hujus
579 875 719 950 lamiliae
737 875 957 974 philosophis
978 886 1012 952 et
1029 875 1139 974 poetis
1166 876 1270 973 paulo
1288 898 1342 950 se-

278 996 408 1088 veriuS,
426 1007 466 1071 ut
483 997 626 1095 opinor,
644 997 725 1071 tulit
738 995 946 1094 judicium¹.
964 997 1032 1071 Per
1054 995 1158 1072 talem
1179 997 1275 1070 hunc
1293 995 1340 1067 vi-

278 1144 358 1194 rum
387 1120 489 1195 nobis
516 1120 635 1210 liceat,
666 1143 730 1195 cur
755 1121 829 1219 ejus
859 1121 1067 1195 sententiam
1097 1143 1168 1195 non
1194 1118 1341 1217 amplexi

277 1243 447 1319 fuerimus
468 1244 650 1319 enucleate
675 1245 807 1335 dicere,
822 1255 857 1320 et
874 1245 1011 1342 singula
1032 1267 1110 1342 quae
1125 1255 1247 1320 contra
1262 1243 1342 1319 stoi-

278 1387 337 1438 cos
355 1363 511 1438 attulerit
526 1364 712 1460 diligenter
725 1365 930 1462 expendere.

325 1488 487 1562 Primum
504 1487 739 1588 Chrysippum
762 1489 878 1578 illum,
898 1511 1004 1586 quem
1028 1496 1158 1563 veteres
1181 1485 1342 1561 Porticus

279 1610 443 1686 columen
461 1610 708 1699 nominabant,
737 1609 892 1707 aliosque
918 1609 1072 1705 insignes
1095 1607 1243 1698 stoicos,
1268 1629 1343 1682 om-

279 1733 362 1808 nino
380 1734 521 1808 insanos
539 1733 645 1807 luisse
664 1733 824 1807 affirmat.
840 1731 915 1817 Qua
934 1733 1157 1822 auctoritate,
1176 1731 1344 1830 quibusve

278 1857 493 1954 argumentis
511 1856 643 1930 lretus‘l
665 1855 897 1945 auctoritate,
919 1856 1067 1944 scilicet,
1087 1855 1194 1930 Marci
1218 1856 1344 1946 Tullii,

279 1981 355 2078 qui,
374 2005 457 2055 cum
475 1979 728 2078 lepidissimam
742 2000 805 2078 pro
821 1978 966 2054 Murena
981 1979 1126 2053 haberet
1139 1979 1346 2068 orationem,

279 2103 322 2177 dc
340 2101 487 2192 Catone,
505 2102 565 2199 qui
582 2110 704 2175 contra
724 2097 909 2174 Murenam
932 2111 1090 2188 steterat,
1117 2100 1211 2196 vulgi
1235 2100 1344 2176 risum

281 2248 418 2300 movere
431 2247 607 2322 quaerens,
620 2247 701 2298 eum
712 2224 871 2299 exhibuit
885 2224 1041 2298 ridiculae
1051 2224 1232 2298 addictum
1241 2224 1347 2298 disci-

282 2349 396 2446 plinae.
413 2350 481 2424 Sed
496 2351 632 2448 quoties
646 2349 739 2423 idem
753 2347 890 2424 Marcus
904 2347 1040 2422 Tullius
1052 2348 1218 2438 rhetoris,
1233 2348 1347 2446 plebe-

283 2473 371 2548 culae
388 2474 508 2548 lucum
527 2473 700 2561 facientis,
720 2494 790 2546 non
810 2471 880 2568 agit
896 2482 1029 2570 parteS,
1052 2471 1129 2561 sed,
1147 2471 1348 2569 philosophi

224 2593 227 2597 ’
283 2619 396 2686 more,
413 2594 705 2693 prudentissimos
724 2593 916 2690 alloquitur
932 2594 1039 2683 viroS,
1065 2602 1100 2668 et
1116 2615 1237 2668 verum
1262 2616 1348 2668 can·

284 2719 364 2794 dide
381 2718 499 2792 studet
515 2718 687 2808 invenire,
706 2717 806 2790 toties
831 2717 960 2791 stoicos
978 2709 1139 2792 maximis
1158 2717 1349 2815 amplificat

284 2838 459 2914 laudibus
487 2837 579 2923 Quin
605 2835 726 2926 etiam,
745 2857 820 2926 eos,
839 2836 875 2908 in
893 2835 1059 2911 omnibus
1076 2858 1186 2935 prope
1211 2860 1289 2934 quae
1306 2836 1349 2910 ad

285 2985 401 3037 mores
425 2967 600 3060 spectant,
619 2958 777 3056 sequitur
801 2958 909 3033 ducas
937 2958 1037 3050 [sicut
1054 2983 1073 3034 e
1091 2957 1350 3057 pulcherrimo,

286 3085 380 3184 quod
405 3085 457 3160 De
477 3083 614 3182 Officiis
639 3081 861 3172 inscribitur,
888 3105 992 3180 opere
1017 3083 1243 3157 ¹memilestum
1268 3080 1350 3176 cst),

285 3210 500 3306 Panaetiique
518 3208 618 3283 stoici
635 3207 765 3281 librum
783 3230 861 3282 uere
880 3229 1027 3281 aureum
1045 3206 1212 3304 praedicat
1233 3216 1268 3282 et
1285 3205 1351 3280 sibi

287 3337 330 3410 ad
348 3333 736 3433 imitandum-proponit
753 3333 938 3430 exemplar.
967 3331 1044 3404 Non
1064 3331 1175 3427 magis
1191 3331 1297 3428 igitur
1314 3330 1350 3404 in
1404 3363 1407 3370 ·

187 3471 191 3486 ¹
287 3462 443 3536 oratione
459 3482 521 3558 pro
540 3459 685 3533 Murena
702 3458 786 3570 quid
804 3458 846 3532 de
862 3457 1020 3531 moribus
1039 3456 1160 3532 Cicero
1186 3456 1352 3547 senserit,

288 3609 394 3683 quam
413 3585 448 3657 in
468 3583 685 3658 orationibus
700 3592 820 3657 contra
840 3579 982 3654 Verrem
1002 3603 1079 3678 quae
1094 3579 1198 3654 suerit
1216 3580 1290 3678 ejus
1309 3579 1351 3654 de

288 3707 353 3782 diis
372 3715 406 3780 et
424 3705 554 3779 deabus
569 3704 706 3802 opinio,
726 3704 828 3777 credo
844 3725 919 3776 esse
938 3702 1203 3799 inquirendum.

334 3828 380 3902 At
396 3825 609 3925 Chrysippus
622 3823 782 3921 quaedam
800 3823 883 3897 salsa
903 3834 937 3898 et
952 3834 1086 3898 naturae
1103 3820 1350 3921 repugnantia,

287 3952 316 4027 si
334 3952 524 4027 Plutarcho
544 3948 713 4040 creditur,
739 3947 917 4045 professus
943 3958 1005 4023 est.
1033 3947 1117 4033 Quis
1143 3956 1260 4022 autern
1287 3944 1352 4018 luit

323 4229 331 4269 ¹
346 4231 382 4288 Μ.
396 4230 511 4300 Nisard,
524 4219 631 4287 Etudes
643 4245 695 4285 scr
707 4228 746 4284 les
758 4228 853 4298 poetes
865 4225 955 4283 latius
969 4225 1004 4282 de
1019 4225 1050 4282 lo
1065 4224 1233 4282 ddcuderuce.
