3042 5086
771 517 820 596 38

260 665 408 740 tendum
431 676 465 740 rt
490 666 774 764 persequendum
796 663 1018 764 judicaverit,
1046 662 1089 736 ad
1111 661 1147 736 id
1169 669 1337 760 expeten-

261 788 347 862 dum
366 799 399 862 et
416 789 699 886 persequendum
720 788 892 887 posterior
909 787 977 860 hoe
994 787 1070 884 ipso
1084 784 1219 884 jndicio
1240 807 1337 858 nun-

261 934 367 1009 quam
391 921 583 985 moveatur.
613 910 772 1006 Alioqui,
790 909 874 1006 quid
897 918 988 981 esset
1005 914 1069 980 cur
1088 905 1338 1002 unusquisque

260 1033 509 1132 paterfamilias
537 1033 639 1108 bonis
666 1032 834 1107 institutis
858 1027 1067 1106 imbue'ndos
1085 1038 1224 1102 curaret
1241 1027 1336 1102 libe-

261 1179 383 1231 rorum
404 1155 563 1230 animos?
580 1155 671 1241 Quid
690 1151 782 1230 esset
800 1177 863 1229 cur
881 1153 1091 1228 christianus
1106 1160 1223 1225 orator
1236 1150 1338 1247 quis-

261 1301 328 1376 que
352 1278 389 1351 in
418 1275 574 1351 fidelium
608 1277 713 1352 corda
745 1297 881 1350 sacram
914 1298 932 1348 e
960 1273 1122 1348 cathedra
1152 1281 1338 1369 spargeret

262 1396 480 1487 doctrinam,
508 1405 543 1470 et
570 1407 693 1470 omnes
723 1395 884 1471 omnium
914 1403 1113 1492 temporum
1143 1391 1335 1490 scriptores

262 1543 302 1595 eo
329 1520 459 1594 melius
483 1520 646 1594 audirent
668 1541 737 1617 quo
764 1517 970 1594 melioribus
994 1516 1214 1592 abundarent
1240 1537 1335 1613 prae-

262 1644 397 1742 ceptis?

311 1768 500 1857 Praeterea,
518 1765 585 1840 nisi
601 1765 707 1840 homo
725 1765 908 1840 hominem
925 1765 1089 1840 virtutem
1108 1765 1234 1841 docere
1252 1786 1335 1862 pos-

262 1903 329 1981 set,
348 1914 419 1965 non
445 1889 543 1964 video
565 1888 741 1987 quomodo
769 1889 900 1962 litteras
928 1899 989 1963 aut
1016 1897 1105 1962 artes
1131 1897 1249 1986 posset
1268 1887 1333 1960 do-

262 2037 350 2089 cere.
372 2014 449 2087 Non
468 2013 562 2087 enim
578 2011 713 2086 facilius
732 2023 784 2086 est
798 2033 876 2108 quae
888 2021 922 2085 et
936 2001 1065 2108 quan'ta
1082 2011 1126 2084 sit
1141 2011 1332 2109 poematiS,

262 2144 322 2209 aut
348 2134 450 2233 pictae
467 2132 613 2222 tabulae,
631 2153 737 2228 quam
761 2129 889 2227 egregii
913 2130 1076 2204 facinoris
1101 2129 1332 2227 pulchritudo

262 2257 461 2355 explanare,
480 2265 514 2329 et
544 2255 618 2352 ejus
649 2276 768 2329 amore
797 2253 984 2328 hominum
1010 2253 1231 2327 inflammare
1255 2249 1333 2326 ani-

262 2402 356 2468 mos;
372 2380 417 2453 ita
437 2389 477 2452 ut
495 2400 557 2450 nos
576 2400 715 2466 omnes,
730 2400 811 2450 cum
827 2377 1023 2450 litterarum
1041 2387 1076 2450 et
1088 2377 1234 2464 artium,
1253 2387 1332 2449 tum

264 2502 441 2600 sapientiae
461 2501 671 2598 professores
687 2500 805 2575 oleum
820 2511 853 2575 et
867 2511 1005 2599 tempus
1019 2501 1223 2606 perdamuS,
1242 2502 1331 2576 dnm

264 2624 442 2700 nobilibus
458 2624 513 2697 his
530 2624 659 2698 nostris
677 2624 917 2698 incumbimus
936 2624 1073 2698 studiis.

311 2747 389 2820 Non
409 2746 458 2821 sic
476 2745 695 2820 existimabat
712 2746 859 2834 Seneca,
881 2769 964 2820 cum
982 2745 1104 2834 Attali,
1122 2744 1243 2835 Sextii,
1263 2745 1330 2819 So·
1384 2819 1388 2826 .

265 2868 369 2942 tionis
398 2867 618 2963 aliorumque
643 2889 829 2963 generosas
852 2866 1110 2941 adhortationes
1135 2876 1206 2941 tam
1231 2878 1332 2963 grato

266 2989 383 3063 animo
410 2999 721 3079 commemoraret;
751 3011 821 3062 non
850 2989 900 3064 sic
926 2988 1068 3064 Persius
1093 3000 1154 3063 aut
1180 2989 1332 3064 Antoni-

265 3134 353 3201 nnS,
384 3112 443 3207 qui
474 3121 569 3185 tanto
604 3133 722 3184 amore
754 3133 834 3185 suos
870 3108 1171 3209 amplectebantur
1199 3112 1330 3207 magis·

265 3244 358 3324 tros;
377 3256 446 3307 non
466 3233 516 3308 sic
530 3235 603 3331 ipse
616 3233 756 3308 Tacitus
768 3233 846 3330 qui,
865 3257 946 3308 oum
964 3234 1028 3307 hos
1043 3233 1237 3331 simplices,
1252 3235 1330 3309 sine

265 3354 364 3440 luco,
381 3362 415 3425 et
430 3375 507 3426 vere
524 3372 671 3449 magnos
682 3353 773 3427 viros
788 3354 944 3427 exsulare
959 3353 1105 3442 videret,
1119 3354 1231 3452 ipsam
1245 3378 1330 3452 quo·

265 3473 454 3548 dammodo
479 3474 716 3548 arbitrabatur
741 3475 896 3549 exsulare
923 3475 1102 3568 virtutem,
1127 3478 1329 3575 «expulsiS,

263 3598 395 3696 inquit,
420 3599 563 3697 insuper
592 3600 768 3696 sapientiae
797 3601 1069 3700 professoribus,
1097 3614 1201 3700 atque
1230 3604 1327 3679 omni

263 3725 355 3798 bona
374 3733 446 3798 arte
465 3723 500 3797 in
520 3724 679 3798 exsilium
699 3735 791 3816 acta,
811 3749 854 3800 ne
872 3726 956 3824 quid
972 3751 1121 3824 usquam
1138 3730 1325 3804 honestum

263 3849 527 3922 occurreret¹.a

309 3966 379 4040 Cur
405 3979 523 4041 autem
555 3966 592 4040 hi
617 3967 818 4066 philosophi
845 3992 863 4042 a
893 3968 1090 4044 Domitiano
1120 3971 1262 4048 fuerunt
1288 3971 1324 4045 in

296 4253 305 4292 ¹
318 4254 381 4314 Tac.
402 4257 512 4332 Aprtc,
527 4256 562 4316 al.
576 4261 602 4320 t.
