3002 5084
26 657 28 752 l

621 487 688 562 tet

166 627 275 704 Poeta
290 651 367 704 non
381 629 517 718 minus,
538 628 608 706 sive
624 631 773 721 tamam,
791 630 861 706 sive
878 631 1061 708 historiam
1081 634 1192 730 negli-

123 749 169 848 git
182 761 217 826 et
233 751 465 850 dedignatur,
478 775 588 850 quum
606 754 708 830 uobis
723 754 875 830 ostendit
886 753 1056 846 Troadas,
1073 757 1140 832 alia
1155 758 1192 832 in

123 869 257 963 sabula,
276 882 452 963 mortem,
471 882 510 948 ul
526 872 702 949 malorum
719 875 848 965 finem,
865 873 963 950 avida
983 897 1044 974 spe
1062 897 1194 974 praesu·

125 1007 258 1072 mentes
275 1023 284 1070 ε

228 1191 306 1250 lleul
324 1205 406 1264 quam
418 1191 498 1250 dulce
512 1189 613 1250 malum
627 1192 792 1251 mortalibus
806 1193 943 1264 additum,

229 1289 494 1361 blacernarum,
508 1303 571 1346 cum
584 1292 677 1360 pateat
690 1289 770 1346 malis

230 1381 389 1454 Eductam,
403 1387 432 1439 et
443 1381 560 1440 miseros
574 1381 662 1440 libera
674 1395 748 1440 mors
764 1389 861 1454 aocet,

232 1477 340 1536 Portus
351 1480 454 1534 aeterna
466 1474 592 1548 placidus
605 1475 697 1547 quiete
708 1475 727 1530 ¹!

174 1645 252 1721 Tali
267 1647 341 1722 hoc
359 1668 464 1720 sensu
485 1668 568 1721 sane
587 1643 831 1721 alliciebantur
849 1645 925 1723 ludi
944 1647 1023 1746 qui,
1047 1649 1201 1750 cooperti

129 1765 305 1858 miseriis,
328 1766 430 1840 illum
449 1788 556 1863 quem
582 1766 804 1867 appellabant
824 1767 1036 1858 Nircaccm,
1057 1769 1144 1843 votis
1170 1779 1205 1843 et

128 1890 299 1985 precibus
320 1891 501 1989 petebant,
521 1901 556 1966 et
572 1891 672 1966 stoici
691 1892 827 1966 romani
845 1892 905 1989 qui
925 1893 1088 1966 amissam
1108 1890 1205 1987 luge-

130 2010 214 2089 bant
241 2015 446 2090 libertatem
469 2025 502 2091 el
527 2037 669 2091 omnem
692 2014 821 2090 bonam
849 2026 960 2090 artem
986 2015 1022 2089 in
1045 2013 1205 2091 exsilium

132 2146 267 2229 actam,
291 2137 566 2236 necquidquam
589 2137 683 2234 quod
702 2137 785 2235 ipsis
805 2135 951 2234 dignum
971 2139 1060 2212 soret
1078 2139 1114 2212 in
1138 2137 1206 2214 vita

131 2259 313 2338 videbant.
337 2260 404 2337 Sed
429 2261 590 2337 homines
617 2281 840 2358 nequaquam
863 2260 1023 2359 Trojanis
1043 2260 1207 2360 tempori-

133 2381 267 2461 busita
284 2383 452 2474 sensisse,
469 2383 585 2482 ipsum
601 2381 795 2456 Homerum
808 2392 930 2458 testem
945 2382 1128 2473 habemus,
1146 2383 1207 2480 qui

134 2507 312 2585 Achillem
338 2519 519 2587 mortuum
536 2508 692 2608 depingit
710 2521 781 2585 tam
802 2509 997 2586 vehementi
1017 2509 1094 2586 vitae
1117 2509 1208 2586 desi-

136 2627 234 2706 derio
248 2630 480 2706 laborantem.

186 2752 290 2829 Idem
308 2763 401 2829 certe
414 2751 609 2836 ‚dicendum
628 2765 680 2827 est
698 2751 740 2828 de
763 2752 821 2828 illa
842 2753 916 2851 jam
932 2753 1158 2839 celeberrima
1175 2767 1208 2829 el

136 2871 243 2970 plane
257 2872 364 2948 stoica
379 2894 496 2962 scena,
513 2872 548 2946 in
564 2895 630 2969 qua
648 2871 796 2970 OEdipus
815 2883 849 2949 et
860 2872 1032 2970 Antigone
1046 2885 1209 2969 quaerunt
1317 2943 1324 2948 .

138 3003 264 3070 utrum
291 3004 452 3068 nostrum
478 2991 721 3088 unusquisque
752 2993 807 3066 sui
833 2992 943 3090 ipsius
966 2991 1056 3091 juris
1085 2993 1148 3083 sit,
1176 3005 1210 3068 et

139 3121 274 3214 possit,
298 3117 391 3192 salvo
415 3114 544 3203 officio,
570 3113 636 3190 sibi
662 3114 880 3189 consciscere
897 3125 1067 3206 mortem,
1086 3137 1207 3191 necne.

139 3235 304 3313 Profecto
325 3236 486 3312 homines
513 3233 629 3332 quiin
652 3233 775 3332 primis
801 3233 923 3309 mundi
946 3233 1105 3310 aetatibus
1122 3233 1211 3309 vixe-

142 3369 244 3449 runt,
262 3369 297 3433 et
320 3359 381 3455 qui
402 3380 507 3434 sensu
530 3354 641 3452 magis
663 3355 848 3430 valuerunt
868 3373 974 3454 quam
994 3356 1144 3448 ratione,
1172 3368 1212 3431 ut
1309 3345 1313 3354 ’

141 3500 197 3556 res
225 3489 384 3570 ceteras,
413 3479 463 3555 sic
485 3479 598 3577 ipsam
625 3488 795 3570 mortem,
820 3499 911 3556 caeco
939 3480 1073 3579 impetu
1096 3479 1212 3579 potius

142 3625 252 3699 quam
272 3601 417 3679 consilio
436 3602 590 3678 obibant.
611 3599 803 3700 Postquam
825 3613 942 3678 autem
969 3603 1123 3678 humana
1138 3603 1213 3702 jam

145 3727 350 3803 adolevisset
376 3727 605 3825 intelligentia
629 3740 664 3804 et
689 3731 742 3802 re's
767 3751 889 3803 omnes
914 3717 1161 3804 examinandas
1180 3738 1215 3800 et

147 3849 392 3947 ponderandas
412 3850 478 3927 sibi
496 3833 719 3949 sumpsisset,
739 3873 833 3927 mors
851 3850 1064 3939 voluntaria,
1084 3872 1160 3939 res,
1185 3848 1213 3922 si

150 3993 221 4070 qua
238 3971 304 4048 suit
323 3995 499 4072 unquam,
521 3973 693 4074 capitalis,
712 3973 748 4047 in
770 3973 1059 4071 disceptationem
1075 3993 1214 4070 quoque

192 4221 265 4280 ’Seu
294 4226 411 4296 Apella,
427 4237 451 4282 v.
468 4225 528 4282 579.
