3042 5086
786 560 832 632 ὑ20

274 646 397 806 litibus
414 715 448 779 et
466 715 708 800 comparatuS,
727 714 767 776 ut
786 701 941 776 humana
963 701 1078 798 potius
1100 721 1205 796 quam
1225 698 1339 772 divina

273 833 442 898 curaret:
473 845 539 897 nec
570 821 709 919 injuria.
742 819 817 894 Hoc
847 819 943 895 enim
974 819 1162 893 interverso
1194 816 1340 905 ordine,

271 948 378 1021 homo
409 969 548 1045 semper
579 960 706 1020 aeterna
733 944 971 1042 prospiciens,
998 964 1191 1037 eorumque
1222 962 1341 1014 amore

271 1071 515 1146 ardentissime
540 1071 713 1166 flagrans,
735 1068 837 1143 flocci
863 1068 1031 1165 penderet
1052 1065 1204 1154 caduca;
1232 1072 1342 1136 artes-

270 1207 387 1293 queet
401 1194 579 1284 scientias,
595 1216 673 1290 quae
688 1194 731 1267 ad
745 1215 850 1267 usum
865 1192 941 1266 vitae
956 1199 1133 1288 spectant,
1149 1201 1184 1264 et
1198 1210 1340 1262 omnem

272 1317 407 1392 civilem
428 1315 563 1391 cultum
584 1316 808 1412 languescere
823 1323 857 1389 et
873 1325 1068 1413 torpescere
1083 1310 1221 1385 sineret.
1241 1309 1342 1395 Quod

271 1440 433 1514 universo
461 1438 648 1511 hominum
676 1437 814 1533 generi,
840 1437 876 1510 id
903 1436 1013 1534 poetis
1040 1455 1180 1532 quoque
1205 1433 1342 1506 evenire

272 1563 385 1638 solet:
414 1559 601 1657 aliquando
628 1560 763 1650 divina,
790 1559 916 1657 saepius
942 1558 1098 1651 humana
1125 1555 1341 1631 carminibus

271 1694 542 1784 prosequuntur.
566 1683 605 1758 ld
631 1683 873 1758 tantummodo
896 1691 948 1757 est
969 1679 1341 1766 animadvertendum,

273 1831 351 1906 quae
376 1808 418 1882 de
445 1807 568 1881 divinis
597 1806 810 1904 loquuntur,
838 1830 876 1881 ea
905 1829 1001 1880 nunc
1031 1802 1220 1900 religiosiS,
1246 1825 1342 1876 nunc

273 1927 524 2026 philosophicis
542 1949 561 2000 e
579 1927 733 2001 lontibus
752 1927 853 2024 vulgo
872 1925 1018 2000 hauriri.
1043 1916 1206 1999 Hu'mana
1225 1933 1341 1997 autem

275 2048 440 2124 omnibus
459 2048 693 2146 temporibus,
709 2046 750 2121 ad
767 2043 1004 2134 narrandum,
1019 2056 1060 2118 ut
1073 2043 1192 2132 aiunt,
1210 2065 1280 2115 non
1298 2042 1341 2116 ad

275 2172 525 2271 probandum,
554 2181 587 2244 et
618 2170 714 2243 omni
747 2169 989 2268 philosophica
1019 2178 1153 2242 remota
1182 2167 1342 2253 ratione,

276 2294 417 2369 tractari
435 2303 591 2391 queunt;
616 2293 801 2366 ita'tamen
820 2303 879 2381 ut,
904 2293 932 2365 si
955 2291 1059 2365 rebus
1082 2289 1207 2363 iisdem
1226 2288 1341 2386 philo·

277 2415 399 2513 sophia
418 2413 620 2502 accesserit,
644 2412 886 2490 reconditioris
905 2411 1071 2494 doctrinae
1089 2422 1123 2485 et
1144 2409 1345 2509 exquisitio-

277 2538 325 2612 ris
349 2537 479 2632 ingenii
502 2537 645 2608 sortasse
670 2536 842 2608 condatur
865 2557 963 2632 opus.
991 2533 1074 2619 Quis
1100 2533 1236 2607 dubitet
1259 2532 1343 2630 quin

278 2658 432 2748 BolaeuS,
451 2658 496 2746 si,
516 2667 631 2731 amoto
649 2656 749 2746 ludo,
765 2657 1049 2755 philosophicum
1068 2657 1103 2730 in
1120 2657 1283 2746 modum,
1303 2656 1345 2729 de

278 2779 347 2851 vita
371 2789 405 2850 et
429 2776 587 2851 moribus
611 2777 864 2872 inquisivisset,
887 2782 922 2850 in
947 2778 995 2850 rei
1020 2777 1192 2874 cujusque
1215 2777 1345 2850 viscera

280 2900 383 2974 altius
401 2908 661 2997 penetraturus,
680 2910 713 2972 et
731 2898 872 2996 majoris
890 2899 993 2997 pretii
1011 2899 1139 2996 scripta
1158 2897 1344 2972 relicturus

280 3022 430 3097 suisset?
463 3021 678 3117 Fingamus,
710 3022 819 3096 nostri
849 3021 1000 3096 auctoris
1029 3021 1105 3095 loco
1132 3021 1174 3094 de
1201 3019 1345 3094 homine

282 3141 481 3231 tractantis,
499 3141 699 3215 Pascalium
717 3141 877 3216 eamdem
899 3142 965 3216 sibi
984 3163 1124 3216 sumere
1143 3140 1346 3229 materiam,

283 3275 318 3338 et
351 3285 536 3361 erumpere
566 3261 683 3337 subito
709 3285 749 3336 ac
780 3272 941 3336 nostrum
973 3282 1265 3357 unumquemque
1292 3260 1346 3332 in·
1407 3359 1414 3366 β

285 3408 448 3484 crepare,
476 3395 516 3458 ut
542 3408 620 3482 quae
637 3385 708 3458 sint
730 3384 765 3458 in
784 3383 884 3459 nobis
912 3384 1086 3458 contraria
1106 3393 1140 3456 et
1157 3382 1346 3481 pugnantia

284 3508 487 3606 patefaciat,
520 3507 651 3581 nedum
686 3507 778 3582 circa
813 3523 911 3596 rem,
948 3504 1187 3580 delectationis
1220 3527 1347 3596 causa,

283 3633 434 3708 suaviter
450 3632 549 3707 ludat
566 3641 600 3708 et
617 3642 777 3728 nugetur.
802 3631 980 3717 Quantum
998 3653 1069 3728 prae
1088 3629 1211 3704 divinis
1230 3629 1297 3728 illis
1315 3642 1350 3704 et

284 3750 423 3850 'tragicis
446 3753 497 3826 vel
522 3750 728 3849 lepidissimi
747 3750 913 3848 frigerent
935 3761 970 3823 et
990 3750 1171 3824 sorderent
1184 3748 1276 3846 jocii

332 3873 465 3970 Siquis
487 3873 591 3971 paulo
610 3871 761 3945 tristiora
782 3869 1074 3971 philosophorum
1093 3870 1251 3945 instituta
1270 3893 1349 3944 car·

284 3997 423 4092 minum
438 3996 556 4094 lepore
573 3994 748 4068 laetificare
765 3992 874 4084 volet,
890 3993 921 4069 ei
937 3992 1047 4068 multa
1065 4003 1170 4067 erunt
1186 3994 1348 4068 cavenda.

284 4119 382 4217 Saepe
396 4118 435 4192 lit
452 4117 547 4192 enim
565 4127 604 4190 ut
620 4137 796 4215 personae,
812 4138 898 4212 quas
913 4128 1013 4213 poeta
1031 4115 1158 4189 lormat
1173 4125 1208 4190 et
1224 4116 1260 4189 in
1276 4115 1349 4190 suis

282 4244 418 4317 inducit
433 4242 613 4340 operibus,
630 4241 718 4314 nihil
733 4240 886 4314 habeant
902 4240 972 4314 veri
986 4249 1020 4314 et
1032 4240 1196 4314 humanae
1211 4253 1345 4314 naturae
