3002 5084
813 515 859 590 76

302 670 383 734 nata
402 660 433 732 vi
451 668 566 756 rapta,
590 681 654 734 suo
677 659 828 756 Apollini
851 659 1036 734 admovet?
1060 660 1155 734 Num
1174 671 1369 736 anteactam

302 783 448 858 honeste
472 792 628 873 aetatem,
653 805 739 857 num
765 793 912 859 aeternas
935 794 1203 881 saeranctasque
1224 784 1371 882 pudoris

299 910 412 1007 legeS,
431 932 519 983 num
535 909 687 1007 denique
701 909 816 984 divina
834 910 1060 1008 humanaque
1078 909 1195 986 omnia
1205 910 1287 1009 jura
1302 921 1371 986 tes·

301 1043 413 1125 tatur,
426 1043 468 1108 ut
481 1033 617 1133 parenti
636 1034 802 1109 reddatur
815 1033 905 1124 fitia,
919 1043 954 1110 et
967 1033 1079 1108 Graeci
1094 1032 1227 1109 debitas
1241 1033 1369 1108 imma-

298 1153 418 1228 nitatis
437 1153 570 1228 solvant
594 1154 742 1253 peenas?
768 1153 863 1228 Nihil
887 1153 1014 1228 horum
1034 1152 1205 1230 sacerdoti
1222 1153 1369 1229 venitin

299 1261 472 1366 mentem,
490 1296 557 1351 nec
584 1275 665 1350 talia
692 1298 817 1351 curare
837 1274 1035 1374 Apollinem
1060 1298 1143 1358 sane
1161 1276 1369 1366 arbitratur;

298 1399 360 1474 sed
377 1399 484 1497 hujus
503 1409 641 1474 revocat
659 1398 703 1474 ad
718 1398 925 1474 memoriam
944 1399 1129 1497 pinguium
1144 1397 1368 1474 victimarum

298 1521 442 1596 odorem
460 1542 547 1617 quas
565 1520 617 1595 itti
634 1521 814 1620 quondam
834 1522 1013 1613 mactavit,
1029 1521 1129 1619 quasi
1141 1543 1292 1618 magnus
1310 1522 1369 1597 hic

295 1645 391 1720 Deus
401 1666 543 1720 suarem
553 1646 727 1744 exspirare
740 1646 886 1722 odorem
896 1646 1059 1723 habuerit
1069 1646 1247 1745 antiquius
1260 1669 1367 1745 quam

297 1767 402 1842 vitam
419 1769 613 1843 humanam
632 1751 863 1867 contemplari
880 1769 1006 1845 rationi
1025 1771 1325 1846 consentientem:

508 1987 542 2044 Ei
556 1983 588 2058 δή
603 1985 668 2046 ποτέ
682 2007 723 2044 τοι
737 1984 807 2045 κατὰ
821 1985 900 2046 πίονα
914 1983 991 2066 μηρί’
1005 1983 1072 2060 ἔκηα

439 2089 553 2169 Ταύρων
567 2089 610 2161 ἠδ’
625 2092 722 2171 αἰγῶν,
743 2090 803 2150 τόδε
818 2114 865 2169 μοι
880 2089 995 2174 κρῄηνον
1011 2089 1137 2170 ἔέλδωρῆ

348 2291 425 2366 Alio
440 2290 476 2365 in
493 2290 611 2367 Iliadis
625 2292 703 2369 loco
720 2293 831 2367 Diana
844 2293 989 2384 AEtolis,
1006 2293 1276 2394 AEtolorumque
1294 2295 1365 2392 regi
1494 2395 1495 2398 Ν

297 2413 445 2510 graviter
470 2412 652 2503 irascitur,
678 2412 818 2487 nullum
844 2412 941 2487 aliud
966 2414 1012 2489 ob
1029 2413 1163 2504 scalae,
1182 2415 1247 2489 nisi
1272 2414 1366 2513 quod

299 2534 435 2609 nullam
462 2535 529 2632 ipsi
556 2535 815 2610 immolaverint
839 2537 1012 2626 hosfium,
1033 2548 1067 2612 et
1088 2559 1217 2614 saevum
1240 2561 1366 2636 aprum

299 2657 459 2732 immittit
476 2659 537 2755 qui
555 2668 663 2734 totam
682 2660 870 2759 populetur
887 2661 1084 2758 regionem:

435 2859 538 2951 ’Ὧρσεν
553 2870 596 2930 ἔπι
610 2870 725 2952 χλούνην
742 2877 788 2932 σῦν
803 2871 910 2951 ἄγριον,
925 2871 1080 2951 ἅγρίοδοντα

433 2976 485 3046 ’Ός
499 2976 570 3038 κακὰ
586 2976 665 3038 πόλλ’
682 2977 818 3058 ἔρδεσκεν,
836 2976 901 3038 ἔθων
914 2978 1009 3051 Οἰνῆος
1022 2975 1112 3052 ἀλώην
1121 2979 1143 3039 ¹.

346 3180 431 3268 Quae
448 3190 565 3255 autem
583 3179 765 3268 homines,
780 3177 976 3254 Homericis
989 3177 1225 3278 temporibuS,
1241 3178 1285 3253 de
1301 3179 1367 3254 diis·

297 3303 597 3392 existimaverant,
615 3325 653 3376 ea
673 3299 860 3399 paulatim,
877 3298 1097 3399 philosophia
1115 3300 1366 3392 invalescente,

297 3422 441 3496 fuerunt
457 3422 494 3495 in
515 3421 643 3496 melius
661 3421 864 3509 immutata;
882 3419 930 3493 ita
953 3428 1011 3504 ut,
1031 3418 1162 3494 Seneca
1188 3430 1222 3495 et
1243 3421 1366 3495 Persio

296 3547 521 3637 ssorentibuS,
544 3546 738 3621 multorum
765 3556 900 3621 mentes
924 3545 986 3621 Dei
1013 3545 1110 3621 unici
1136 3546 1366 3645 ejusdemque
1492 3537 1493 3618 j

297 3673 439 3772 perfecti
453 3671 666 3773 jamdudum
680 3671 865 3746 imbuisset
877 3671 1007 3771 opinio.
1023 3671 1108 3756 Quae
1123 3695 1206 3747 eum
1224 3673 1271 3747 ita
1290 3695 1365 3748 sese

297 3792 486 3882 haberent,
504 3791 721 3890 quicumque
749 3813 818 3866 non
845 3814 901 3866 res
925 3801 1098 3882 amente,
1123 3791 1166 3867 ab
1185 3793 1321 3884 animo,
1346 3818 1365 3868 a

295 3917 363 3991 vita
388 3916 540 4014 denique
573 3925 646 3992 tota
674 3914 904 3991 alienissimos
935 3915 1121 3992 scribendo
1151 3938 1367 4016 persequen-

333 4156 342 4195 ¹
357 4157 436 4215 Hom.
449 4153 497 4228 1t.,
511 4157 529 4214 l.
543 4157 571 4228 1,
586 4169 611 4214 ν.
626 4159 670 4215 to.

333 4246 451 4318 2luem,
463 4247 482 4302 1.
498 4249 546 4318 tx,
558 4262 584 4305 ν.
598 4251 661 4306 539.
