3042 5086
664 481 711 554 55

82 659 90 672 ·
153 624 244 715 tius,
261 623 412 714 Fenelo,
430 624 557 721 aliique
583 625 765 700 christiani
788 626 963 718 doctores,
984 639 1022 703 ut
1039 630 1218 708 vincerent

154 747 211 821 bis
237 748 349 822 saneti
376 745 476 821 Pauli
506 746 831 846 verbim—(Deus)
861 762 1023 848 operatur
1053 752 1092 826 in
1118 753 1216 830 nodis

152 869 245 944 uelle
262 880 295 942 et
310 868 714 964 socero-libertatem
739 871 892 945 hominis
915 895 985 947 non
1009 873 1115 949 luisse
1139 896 1218 951 om-

154 991 240 1064 nino
258 988 443 1065 sublatam.
462 989 547 1076 Quis
566 991 678 1066 nescit
691 992 925 1068 Leibnitoium
941 993 1115 1070 infinitam
1131 1019 1218 1072 eau-

154 1135 276 1190 sarum
311 1112 437 1187 seriem
471 1112 558 1187 adeo
593 1114 697 1188 arctis
737 1137 930 1190 connexam
964 1116 1111 1192 vinculis
1151 1120 1219 1195 sibi

152 1237 312 1323 finxisse,
331 1247 370 1310 ut
386 1257 538 1333 praesens
555 1233 700 1335 'tempus
723 1238 1022 1334 quemadmodum
1045 1242 1219 1340 praeterito

153 1371 312 1459 tempore
340 1368 480 1449 ortum,
515 1357 566 1433 sie
598 1359 715 1434 lutum
744 1361 926 1455 gravidum
960 1384 1035 1438 esse
1066 1363 1218 1440 dixerit?

154 1479 275 1578 ltaque
303 1500 372 1554 non
395 1479 493 1553 video
522 1501 586 1554 our
611 1479 730 1555 stoicis
758 1502 896 1577 quoque
922 1504 993 1556 non
1020 1480 1122 1558 liceat
1140 1505 1219 1559 om-

156 1600 257 1676 nibus
288 1600 393 1676 rebus
422 1599 658 1699 insuperabile
685 1599 863 1698 quoddam
895 1601 1005 1676 satum
1038 1603 1219 1700 imponere

155 1761 202 1774 -
230 1719 361 1818 qnippe
392 1719 486 1816 quod
521 1719 609 1793 nihil
643 1719 738 1794 aliud
771 1719 816 1793 sit
849 1742 956 1817 quarn
987 1720 1218 1798 immutabilis

151 1839 240 1914 ratio
269 1839 332 1915 Dei
355 1881 403 1894 -
427 1850 461 1914 et
488 1836 685 1914 libertatem
712 1840 903 1936 quamdam
930 1840 1065 1916 homini
1091 1843 1218 1939 cuique

150 1962 328 2052 tribuere,
360 1984 438 2058 quae
463 1983 546 2037 oum
575 1962 643 2035 lato
670 1961 723 2035 vix
751 1962 894 2038 sortasse
926 1964 1126 2054 conveniat,
1155 1966 1217 2040 sed

149 2107 222 2160 non
240 2085 285 2159 sit
302 2096 418 2161 tamen
437 2084 581 2160 omnino
600 2083 770 2181 neganda.
797 2083 879 2160 Heee
896 2109 1044 2183 magnus
1072 2087 1216 2163 mirabi-

148 2206 229 2284 liter
264 2207 479 2284 intellexerat
510 2207 750 2304 Augustinus,
785 2219 819 2282 et
855 2208 1082 2284 celeberrima
1111 2209 1214 2286 verba

148 2330 344 2422 Cleanthis,
370 2353 389 2406 a
419 2331 550 2406 Seneca
577 2330 613 2403 in
650 2328 798 2403 latinum
835 2351 948 2421 verse,
981 2329 1213 2406 christianum

148 2476 301 2551 eumque
327 2452 569 2528 rationabilem
594 2451 630 2526 in
661 2472 804 2526 sensum
830 2451 1051 2551 interpretari
1077 2452 1212 2529 niteba-

149 2589 226 2654 tur:

254 2823 334 2879 oDuc
346 2835 402 2892 me,
420 2834 534 2894 parens,
548 2821 671 2892 celsique
683 2820 839 2878 dominator
852 2822 926 2894 poli,

252 2918 430 2985 Quocumque
443 2912 561 2984 placuit:
577 2911 652 2969 nulla
667 2914 782 2983 parendi
797 2926 873 2970 mora
887 2918 949 2970 est:

251 3008 348 3064 Assum
363 3005 486 3076 impiger.
501 3007 555 3062 Fac
569 3004 660 3060 nolle:
675 3004 828 3060 comitabor
843 3018 974 3076 gemens,

249 3101 360 3157 Ducunt
373 3099 509 3155 volentem
522 3096 591 3166 lata,
606 3096 744 3153 nolentem
756 3096 884 3167 trabunt,

250 3191 393 3263 Maiusque
408 3191 509 3263 patiar,
524 3189 597 3261 quod
611 3188 668 3259 pati
684 3187 763 3246 licuit
777 3188 861 3246 bono.

193 3417 301 3493 uNon
319 3418 472 3494 multum
496 3441 578 3493 cum
595 3419 661 3509 eis,
676 3418 791 3515 inquit
804 3419 1037 3516 Augustinus,
1051 3421 1095 3496 de
1110 3413 1205 3498 verbi

142 3543 374 3618 controversia
392 3541 625 3617 laborandum
652 3551 755 3639 atque
773 3544 979 3619 certandum
1003 3558 1072 3636 est;
1096 3569 1207 3643 quan-

142 3665 332 3764 doquidem
350 3666 467 3764 ipsum
487 3685 673 3738 causarum
690 3665 850 3740 ordinem
867 3677 901 3740 et
916 3669 1106 3764 quamdam
1125 3691 1207 3744 eon-

142 3786 326 3860 nexionem
349 3784 409 3859 Dei
436 3781 564 3857 summi
593 3781 753 3859 tribuunt
778 3784 945 3860 voluntati
965 3799 999 3861 et
1025 3789 1206 3884 potestati,

142 3910 202 4007 qui
221 3909 352 4007 optime
370 3919 403 3983 et
421 3908 642 3983 veracissime
661 3909 815 3983 creditur
833 3920 868 3983 et
885 3920 1009 3985 cuncta
1032 3910 1121 3986 seire
1140 3934 1205 3987 an-

143 4040 285 4128 tequam
303 4031 406 4120 fiant,
429 4038 463 4103 et
486 4028 573 4103 nihil
601 4029 839 4103 inordinatum
864 4031 1061 4127 relinquere
1069 4057 1078 4120 ;
1098 4054 1116 4105 a
1135 4054 1204 4129 quo

142 4164 226 4229 sunt
247 4175 369 4227 omnes
393 4161 597 4251 potestates,
617 4151 773 4247 quamvis
792 4152 835 4225 ab
858 4151 917 4225 illo
936 4173 1005 4226 non
1031 4152 1101 4227 sint
1125 4177 1207 4263 omff
