3042 5086
808 450 855 522 bb

346 595 531 671 Multaalia
545 597 687 695 subjicit
700 598 862 672 Manilius
872 597 1031 672 deauimi
1045 599 1153 671 nostri
1164 600 1363 695 praestantia

297 724 331 788 et
349 716 391 789 de
411 715 550 790 dotibus
575 716 702 813 quibus
721 717 932 794 subornatus
959 719 993 791 iu
1017 717 1120 790 vitam
1142 719 1249 808 veuit,
1268 718 1364 792 uude

297 838 482 911 conficitur
511 839 603 912 iuter
632 839 784 913 divinam
811 841 1073 937 humanamque
1102 850 1256 914 mentem
1287 863 1364 915 esse

297 957 422 1031 miram
441 959 706 1055 cognationem,
719 970 773 1049 et,
791 960 900 1047 hauc,
920 980 990 1032 uon
1009 981 1110 1034 secus
1125 970 1229 1056 atque
1245 958 1361 1049 illam,

296 1079 533 1156 immortalem
550 1081 643 1155 iore:

405 1303 445 1359 tn
460 1315 597 1372 quoquam
610 1303 732 1374 genitos,
747 1304 801 1359 nisi
814 1304 898 1371 coelo,
914 1302 1027 1361 credere
1041 1301 1082 1358 tas
1093 1307 1137 1358 cst

404 1398 473 1454 Esse
486 1397 629 1454 homiues?
643 1400 766 1469 Protecta
776 1400 871 1470 jacent
883 1399 1011 1455 animatia
1026 1401 1100 1455 muta
1127 1471 1131 1479 .
1228 1402 1231 1408 '

404 1495 433 1550 ln
449 1497 536 1564 terra,
551 1495 593 1550 vel
608 1508 697 1550 mersa
710 1494 801 1565 vadis,
813 1495 856 1552 vei
870 1495 897 1550 in
910 1509 974 1551 aere
988 1494 1118 1565 pendent.

404 1587 539 1644 Omnibus
553 1601 606 1644 uua
621 1589 715 1658 quies,
729 1588 842 1652 venter¹
844 1629 895 1644 .....

346 1773 448 1848 Solus
468 1774 607 1849 animus
626 1774 798 1864 homiuiS,
818 1776 860 1849 ad
877 1774 1082 1850 sublimiora
1098 1775 1216 1849 enisus

404 1984 532 2042 Edomuit
546 1989 645 2041 terram
662 1984 695 2041 ad
708 1982 816 2054 fruges,
830 1984 1060 2055 animatricem,

404 2081 591 2152 Imposuitque
605 2075 787 2153 simperto,
801 2083 878 2138 stetit
890 2095 963 2139 unus
977 2083 1004 2138 in
1018 2096 1107 2140 arcem

404 2177 521 2234 Erectus
535 2179 649 2250 capitis,
664 2178 807 2249 victorque
820 2178 855 2235 ad
869 2177 960 2235 sidera
973 2178 1057 2235 mittit

404 2272 534 2329 sidereos
549 2273 660 2343 oculos,
677 2273 845 2343 propiusque
858 2276 984 2342 aspectat
999 2271 1154 2343 Olympum,

404 2367 576 2438 inquiritque
588 2369 694 2437 iovem,
710 2383 761 2425 uec
773 2368 832 2425 sota
846 2367 936 2424 fronte
950 2369 1068 2425 Deorum

405 2465 558 2519 Contentus
574 2471 678 2535 manet,
692 2469 719 2520 at
732 2445 986 2522 coeluu'scruutur
997 2463 1025 2519 iu
1039 2463 1108 2532 alto,

407 2555 612 2626 cognatumque
626 2570 746 2626 sequeus
759 2570 860 2626 corpus
874 2571 903 2612 se
918 2556 1017 2627 quaerit
1030 2556 1057 2611 iu
1071 2555 1153 2612 astris
1162 2553 1184 2610 ².

349 2743 476 2835 Stoici,
503 2746 562 2843 qui
592 2747 741 2821 credunt
770 2757 922 2822 mentem
953 2757 1110 2821 nostram
1139 2743 1277 2843 corpori
1306 2767 1366 2816 su-

303 2867 481 2965 perstitem
500 2869 587 2958 sore,
603 2869 725 2942 volunt
739 2870 873 2944 animos
888 2871 964 2968 qui,
983 2892 1045 2967 per
1063 2869 1168 2967 hujus
1182 2867 1259 2940 vitae
1277 2876 1365 2940 tem-

302 3014 385 3092 puS,
403 2993 482 3090 puri
500 3003 535 3067 et
560 3015 578 3066 a
598 2993 745 3068 terrenis
772 2993 1021 3091 cupiditatibus
1039 2991 1160 3066 intecti
1188 3012 1365 3066 remanse-

302 3129 404 3205 runt,
420 3117 575 3216 corporis
589 3116 712 3191 solutis
728 3117 975 3214 compagibus,
988 3138 1050 3214 per
1064 3124 1203 3203 ventos,
1218 3112 1364 3202 imbres,

302 3238 483 3333 nubesque
502 3239 569 3327 ire,
588 3246 622 3310 et
643 3247 756 3311 totum
774 3237 871 3309 huuc
897 3257 1055 3309 crassum
1083 3243 1118 3307 et
1134 3232 1365 3327 caliginosum

209 3430 214 3444 ,
307 3379 383 3429 aera
400 3379 599 3452 permeare,
617 3367 657 3428 ut
671 3356 714 3429 ad
729 3355 847 3444 ilium,
865 3379 904 3429 ex
918 3375 988 3451 quo
1003 3363 1206 3443 manarunt,
1224 3363 1365 3454 tenuem

306 3479 554 3574 sincerumque
592 3479 719 3552 aethera
757 3488 990 3567 revertantur,
1025 3478 1164 3573 ibique,
1204 3485 1365 3550 naturam

307 3597 401 3672 nacti
420 3598 473 3672 sui
494 3597 662 3688 similem,
680 3608 773 3672 stent
797 3597 939 3697 paribus
957 3598 1055 3695 quasi
1073 3597 1257 3672 examinati
1282 3618 1366 3696 pou-

308 3719 466 3809 deribus,
485 3733 519 3795 et
537 3721 694 3817 quietum
711 3731 814 3818 agant
833 3744 955 3795 aevum.
975 3721 1014 3793 In
1039 3721 1107 3795 hoc
1123 3718 1366 3794 tantummodo

338 4079 346 4114 ¹
358 4079 431 4136 Man.
447 4082 537 4149 Aeta,
550 4092 576 4135 v.
592 4081 653 4135 894.

337 4172 456 4244 Πάθη,
469 4189 494 4232 v.
510 4179 572 4231 902.
