3042 5086
698 534 721 606 9

174 682 253 757 nori
272 683 308 756 in
324 693 442 780 poetas
458 681 612 758 adbibita
627 683 824 774 severitate,
847 683 1083 782 Pythagoras,
1097 683 1241 759 Homeri
1318 763 1322 788 ¹

174 803 333 902 ejusdem
351 802 563 901 Hesiodique
586 805 720 880 animas
739 828 776 880 se
805 806 841 880 in
866 805 986 880 inseris
1003 804 1131 881 vidisse
1149 807 1243 880 aldr-

175 926 314 1014 mabat,
334 947 396 1023 pro
415 925 515 1000 surtis
536 925 809 1024 adulteriisque,
833 949 911 1024 quoe
932 927 1018 1002 salso
1035 927 1243 1002 numinibus

175 1044 452 1141 adscripserant,
471 1043 696 1120 acerbissima
712 1046 946 1144 persolventes
961 1046 1142 1145 supplicia.
1159 1045 1242 1120 Haec

173 1167 297 1242 eadem
322 1166 503 1264 multaque
532 1166 618 1258 alia,
645 1191 783 1245 summa
810 1191 893 1244 cum
920 1169 1085 1266 gravitate
1111 1180 1145 1244 et
1170 1168 1243 1244 elo-

174 1289 337 1386 quentia,
354 1288 453 1364 Plato
472 1290 626 1364 Homero
649 1291 851 1389 objiciebat,
869 1302 946 1366 tum
970 1292 1120 1365 maxime
1147 1293 1241 1389 quod

173 1433 230 1486 res
253 1411 359 1510 hujus
383 1411 508 1486 mundi
530 1411 736 1488 imitabatur
760 1412 804 1487 ad
822 1413 982 1488 idearum
1008 1402 1240 1488 imitationem

172 1537 246 1634 jam
264 1537 414 1627 effictas,
433 1537 479 1611 ita
497 1547 537 1612 ut
552 1537 677 1613 divinis
704 1538 748 1614 ab
772 1538 840 1614 illis
858 1539 1115 1638 exemplaribus
1133 1563 1241 1638 quam

177 1659 376 1755 longissime
396 1661 471 1758 ejus
497 1683 602 1758 opera
625 1663 801 1753 abessent,
823 1673 900 1738 tum
917 1662 1012 1762 quod
1030 1664 1147 1739 omnia
1174 1665 1244 1739 bu-

177 1804 280 1857 mana
303 1783 488 1881 divinaque
506 1785 690 1876 miscebat,
709 1797 907 1885 cunctaque
921 1786 1124 1862 mortalium
1146 1788 1243 1884 dagi-

173 1905 221 1978 tia
239 1915 273 1979 et
289 1905 442 1982 facinora
461 1908 617 1983 numinis
636 1908 784 2006 alicujus
804 1909 1009 1984 auctoritate
1031 1920 1065 1984 et
1082 1909 1240 2008 exemplo

174 2027 417 2103 confirmabat.
439 2027 531 2114 Quid
549 2028 726 2103 dicam'de
745 2029 883 2104 duobus
901 2026 1132 2127 scriptoribus
1151 2028 1242 2102 inter

173 2155 313 2221 nostros
337 2147 574 2222 celeberrimis
601 2147 796 2245 iisdemque
823 2146 1040 2246 pbilosophis
1074 2157 1242 2245 praestan-

172 2265 335 2356 tissimis,
353 2266 536 2342 Bossuetio
561 2266 695 2342 scilicet
719 2278 753 2341 et
776 2267 953 2357 Pascalio,
972 2289 1124 2364 quorum
1149 2291 1241 2343 unus

173 2389 292 2464 nescio
308 2389 392 2486 quid
411 2390 515 2466 inane
531 2390 727 2487 reperiebat
740 2389 775 2462 in
795 2390 905 2488 poesi,
922 2390 1009 2464 alter
1026 2400 1144 2464 autem
1163 2413 1239 2465 eom

174 2512 373 2588 deliniendo
392 2514 594 2588 declarabat
611 2513 751 2588 inanem
771 2535 846 2588 esse
863 2514 1051 2590 verborum
1069 2514 1241 2604 sonitum,

173 2659 282 2734 quem
300 2637 421 2713 mirari
436 2637 639 2713 hominibus
658 2637 797 2713 libitum
815 2638 952 2714 suerat?

599 3017 745 3095 CAPUT
772 3017 814 3092 ll.

293 3184 329 3238 m
347 3183 417 3248 ouo
435 3182 555 3240 eonsrs
572 3183 616 3238 ur
633 3180 870 3238 enrnosoeum
888 3178 1120 3236 commum.

221 3377 385 3463 Quamvis
400 3375 488 3451 nihil
500 3375 596 3475 poesi
611 3386 684 3451 tam
698 3375 883 3451 inimicum
897 3396 1004 3471 quam
1016 3371 1238 3471 philosophia

171 3499 348 3591 videatur,
365 3523 409 3575 ne
428 3500 612 3576 credamus
630 3511 747 3575 tamen
767 3501 857 3574 inter
875 3522 932 3573 eas
949 3498 1109 3598 capitalia
1128 3498 1236 3572 exsis-

172 3633 245 3696 tere
263 3621 360 3711 odia,
379 3643 457 3718 quae
474 3644 657 3719 nunquam
684 3621 855 3717 exstingui
881 3631 941 3694 aut
958 3618 1072 3692 sedari
1089 3620 1238 3718 possint.

171 3741 333 3840 Persaepe
351 3740 486 3816 dictum
509 3751 561 3816 est
584 3764 603 3815 a
626 3741 799 3816 veteribus
826 3738 1065 3839 pbilosophis,
1092 3761 1156 3813 nec
1180 3739 1241 3812 de·

172 3867 269 3940 suere
288 3877 444 3941 recentes
467 3866 526 3963 qui
545 3866 638 3940 hano
656 3888 795 3963 quoque
823 3867 1069 3964 profiterentur
1095 3869 1238 3936 senten-

173 3990 276 4079 tiam,
292 4011 363 4062 non
382 3991 574 4086 quidquam
598 3991 789 4088 pulchrum
808 4012 899 4077 esse,
920 3988 987 4061 uisi
1009 3986 1103 4060 idem
1126 3986 1171 4059 sit
1186 4009 1239 4060 ve-

174 4134 265 4184 rum.
286 4110 385 4196 erod
412 4112 589 4209 quomodo
604 4113 683 4210 jure
702 4113 770 4185 dici
791 4123 849 4184 aut
874 4110 1016 4206 cogitari
1043 4119 1147 4206 queat
1169 4131 1237 4183 non

174 4233 291 4320 video,
309 4235 337 4308 si
367 4246 459 4308 tanta
487 4235 530 4308 sit
553 4243 681 4330 quanta
707 4235 809 4329 vulgo
838 4233 992 4306 creditur
1009 4232 1237 4330 repugnantia
