3002 5084
744 478 816 550 tte

253 623 410 713 ssuxisse;
430 625 490 698 sed
509 625 586 697 vitia
602 625 794 722 ejusmodi,
813 647 1013 720 quanquam
1030 626 1161 718 gravia,
1180 624 1323 720 magnis

251 742 404 818 arbitror
421 745 559 842 pensari
587 743 788 832 virtutibus,
811 766 960 841 quarum
980 743 1113 840 aliquas
1131 767 1150 818 e
1166 743 1321 817 Zenonis

251 865 370 940 schola
389 888 464 940 esse
481 887 621 961 quoque
640 864 808 938 derivatas
827 886 929 938 nemo
949 864 1132 960 negaverit.
1151 863 1319 937 Primum

247 988 290 1062 ab
309 1012 350 1062 ea
368 989 443 1062 haec
461 989 656 1086 desumpsit
671 989 807 1062 decreta
826 1000 860 1061 et
885 997 1074 1086 praecepta,
1092 986 1238 1084 quibus,
1255 1009 1320 1060 ve-

248 1109 314 1185 luti
331 1107 551 1208 quibusdam
571 1111 736 1200 vinculis,
763 1133 884 1184 omnes
910 1110 1096 1184 satirarum
1121 1109 1317 1184 sententias

243 1232 433 1308 dissolutas
451 1246 485 1307 et
509 1233 692 1332 dissipatas
718 1232 892 1328 colligavit
917 1243 952 1306 et
968 1232 1004 1304 in
1027 1254 1138 1305 unum
1165 1230 1313 1326 redegit.

246 1354 291 1427 Et
309 1377 352 1428 ne
377 1355 455 1451 quis
473 1355 566 1428 dicat
582 1354 743 1428 Persium
763 1353 844 1426 satis
871 1350 1035 1426 habuisse
1060 1350 1312 1447 magistrorum

245 1477 370 1552 dictata
401 1479 571 1567 ediscere,
598 1495 631 1552 et
652 1501 709 1567 ea,
737 1477 851 1574 qualia
876 1476 1084 1572 accepisset,
1111 1475 1183 1548 suis
1207 1497 1312 1548 com-

246 1599 413 1673 mendare
430 1598 605 1689 versibus,
621 1623 741 1674 secum
765 1609 902 1697 reputet
916 1607 1000 1695 quot
1015 1609 1049 1672 et
1066 1598 1204 1694 quantis
1220 1597 1311 1671 ima-

248 1719 389 1814 ginibus
413 1720 645 1808 exornaverit,
674 1730 761 1816 quot
788 1731 821 1794 et
847 1719 986 1815 quantis
1014 1718 1122 1791 animi
1152 1718 1309 1792 motibus

244 1839 342 1934 quasi
369 1840 593 1914 concitaverit
609 1863 696 1936 quas
719 1841 755 1942 in
782 1839 940 1914 medium
958 1837 1105 1937 protulit
1130 1838 1309 1934 cogitatio

241 1981 320 2050 nes;
339 1971 424 2034 tunc
441 1960 476 2033 in
495 1960 562 2034 boc
582 1973 747 2058 tanquam
763 1961 945 2056 insignitas
961 1962 1037 2059 ejus
1052 1960 1182 2056 ingenii
1199 1982 1307 2058 appa-

240 2108 317 2160 rere
336 2097 434 2159 notas
453 2085 546 2160 dicet
562 2098 596 2161 et
614 2087 748 2161 sentiet.
768 2088 958 2175 Praeterea,
977 2097 1151 2161 secretum
1169 2086 1304 2182 ignem,

238 2207 299 2305 qui
313 2208 380 2282 sub
394 2209 560 2283 orationis
575 2220 737 2284 contextu
752 2209 960 2308 plerumque
974 2209 1057 2282 latet
1069 2219 1103 2282 et
1114 2208 1304 2305 aliquando

238 2330 412 2428 erumpit,
429 2331 525 2406 unde
543 2331 664 2420 illum,
683 2332 749 2404 nisi
769 2331 946 2407 ePorticu
965 2332 1154 2427 flagranter
1170 2343 1302 2422 amata,

238 2449 442 2546 putabimus
458 2451 670 2525 accensum?
683 2451 826 2524 Persius
840 2450 947 2546 igitur
959 2451 1076 2524 stoicis
1092 2473 1162 2527 non
1179 2475 1304 2548 parum

240 2573 377 2661 debuit,
396 2573 425 2645 si
443 2572 510 2644 iltis
528 2575 589 2647 has
608 2574 695 2647 duas
715 2575 835 2648 debuit
854 2575 1020 2648 orationis
1038 2575 1201 2663 virtutes,
1217 2599 1303 2672 qua·

237 2716 318 2767 rum
331 2693 437 2766 altera
452 2717 539 2791 opus
553 2694 789 2791 quodcunque
805 2719 912 2768 unam
927 2694 1063 2769 reducit
1077 2696 1120 2769 ad
1135 2697 1303 2787 sormam,

238 2816 344 2892 altera
364 2840 443 2890 vero
457 2817 488 2890 ei
500 2819 596 2913 quasi
614 2819 802 2914 quemdam
816 2819 959 2916 igneum
972 2819 1125 2893 infundit
1140 2819 1303 2917 spiritum

238 2961 308 3034 quo
327 2937 437 3011 vivere
454 2948 488 3011 et
505 2937 638 3035 spirare
656 2939 821 3012 videatur.

290 3061 367 3134 Non
384 3061 576 3151 immerito,
595 3085 652 3135 me
673 3061 815 3158 quidem
832 3061 969 3160 judice,
988 3061 1150 3135 Persium
1168 3057 1303 3143 Quinti·

241 3185 356 3258 lianus
383 3196 418 3259 et
446 3183 582 3258 Bulaeus
612 3194 730 3259 noster
760 3183 1003 3270 laudaverunt,
1030 3205 1182 3279 quorum
1209 3180 1304 3277 prior

242 3304 343 3379 dixit:
375 3305 557 3378 «Multum
583 3315 617 3378 et
643 3327 730 3379 verae
753 3304 888 3399 gloriae,
912 3303 1070 3399 quamvis
1098 3323 1167 3376 uno
1194 3300 1303 3387 libro,

242 3424 384 3498 Persius
415 3425 598 3513 meruit,u
635 3424 806 3522 posterior
840 3433 957 3496 autem
987 3446 1024 3496 se
1053 3432 1163 3519 poetae
1194 3417 1304 3493 nostri

242 3547 505 3644 perstudiosum
523 3547 629 3620 fuisse
653 3558 798 3620 testatus
817 3557 886 3634 est,
902 3546 1046 3642 ejusque
1069 3566 1204 3630 versuS,
1223 3541 1303 3616 obs-

242 3693 346 3745 curos
366 3671 527 3766 quidem,
554 3670 613 3743 sed
643 3671 843 3755 adstrictos,
868 3669 1106 3757 vehementes,
1131 3679 1165 3740 et
1182 3666 1302 3740 verbo-

239 3817 321 3867 rum
356 3815 546 3867 numerum
581 3793 832 3865 sententiarum
868 3812 1015 3865 numero
1050 3798 1302 3885 consequentes

238 3915 447 4012 praedicavit.
477 3915 512 3988 Si
540 3915 619 4011 quis
649 3913 742 3988 enim
761 3913 948 3987 reconditae
976 3911 1165 3985 stoicorum
1196 3909 1301 3984 disci-

241 4039 347 4135 plinae
364 4019 528 4135 idemque
557 4036 653 4111 latini
679 4035 850 4110 sermonis
874 4034 1153 4125 amantissimuS,
1172 4032 1302 4131 persia·

239 4181 368 4232 norum
393 4158 590 4233 carminum
620 4156 770 4231 latebras
796 4155 900 4229 tuerit
925 4164 1116 4243 scrutatus,
1145 4152 1301 4227 ibicum
