3042 5086
752 457 800 530 bh

246 612 359 674 totum
377 599 517 673 nesciat.
537 599 667 688 Porro,
687 603 773 675 nihil
795 614 848 677 est
871 599 964 697 quod
983 600 1026 675 ab
1045 601 1114 675 hoc
1131 603 1309 701 proposito

247 735 382 798 tantum
408 736 545 796 revocet
569 731 603 795 et
621 721 772 799 deducat
791 732 910 823 poetas
932 724 1086 822 quamsi
1111 725 1161 799 eis
1183 725 1229 800 sit
1250 749 1309 800 so-

245 846 348 918 lenne
368 843 405 915 in
428 843 597 940 poematis
615 843 782 919 inducere
801 868 967 943 personas
993 847 1173 921 sententiis
1197 848 1311 923 abun-

247 967 368 1040 dantes
383 975 417 1038 et
429 987 500 1038 non
515 965 583 1040 sibi
598 967 838 1041 convenientia
855 968 1055 1065 loquentes:
1076 969 1171 1065 quod
1188 969 1230 1043 iis
1245 993 1310 1044 sae-

240 1091 385 1190 pissime
408 1089 536 1164 accidit
552 1091 781 1187 scriptoribus
800 1093 861 1190 qui
887 1114 926 1167 ea
945 1115 1023 1190 quae
1040 1091 1107 1190 ipsi
1134 1094 1308 1186 sentiunt,

245 1209 329 1284 alios
347 1209 439 1282 inter
455 1210 616 1284 homines
631 1210 827 1285 diffundere
842 1234 982 1285 summa
999 1234 1065 1308 ope
1083 1211 1258 1286 nituntur.

296 1335 408 1410 Nemo
432 1347 484 1410 est
512 1336 667 1432 quinon
694 1336 843 1412 fateatur
868 1337 968 1410 istius
996 1337 1092 1411 modi
1119 1337 1309 1411 sententias
1340 1374 1344 1382 ·

241 1461 419 1536 interdum
437 1461 473 1535 in
491 1461 669 1559 Euripidis
686 1461 900 1561 Voltariique
923 1461 1102 1557 tragoediis
1121 1484 1310 1559 apparere,

242 1584 288 1657 ita
314 1585 354 1657 ut
379 1583 544 1657 omnibus
569 1584 759 1659 lectoribus
787 1586 848 1658 fiat
874 1585 1096 1659 manifestum
1130 1594 1310 1660 auctorem

242 1706 359 1803 ipsum
378 1726 587 1801 unaquaque
604 1704 711 1778 latere
729 1705 795 1779 sub
813 1727 981 1803 persona,
1002 1705 1148 1802 ejusque
1166 1726 1226 1778 ore
1246 1727 1309 1778 sua

242 1825 369 1924 placita
387 1824 581 1898 enuntiare.
600 1824 732 1922 Siquis
751 1835 869 1898 autem
888 1847 949 1898 seu
967 1823 1156 1913 Senecam,
1176 1846 1236 1897 seu
1256 1846 1312 1898 ce-

244 1947 471 2021 leberrimum
489 1945 591 2020 illum
609 1956 747 2045 poetam
766 1947 847 2045 qui,
868 1945 1055 2021 novissimo
1077 1946 1310 2021 finientesae·

244 2072 344 2161 culo,
367 2070 509 2144 italiana
529 2071 685 2168 regnavit
707 2072 743 2144 in
766 2093 887 2160 scena,
911 2069 1193 2167 pervolutaverit,
1216 2070 1311 2143 illius

243 2197 377 2272 fabulas
404 2196 595 2271 stoicorum
620 2196 801 2294 paradoxis
825 2195 977 2269 inveniet
999 2194 1165 2284 refertas,
1182 2195 1311 2293 quippe

244 2322 345 2418 cujus
365 2343 522 2418 personae
536 2342 679 2410 omnes,
698 2318 798 2417 pueri
815 2319 919 2393 etiam
935 2341 975 2392 ac
993 2316 1138 2416 puellae,
1155 2316 1311 2391 scholam

245 2442 424 2518 redoleant
441 2454 475 2516 et
487 2443 601 2540 'perita
617 2465 724 2517 manu
744 2450 929 2538 torqueant
943 2441 1185 2538 enthymema;
1204 2441 1311 2538 hujus

245 2575 361 2638 autem
388 2565 536 2639 scenicis
559 2565 594 2637 in
620 2564 785 2662 operibus
812 2563 971 2638 sudiosos
995 2561 1198 2662 reipublicae
1221 2563 1311 2636 viros
1335 2593 1338 2598 ·

244 2686 374 2760 videbit
390 2697 423 2760 et
438 2686 557 2760 audiet
572 2687 607 2760 in
626 2697 788 2785 tyrannos
808 2698 878 2759 tam
898 2685 1025 2760 acriter
1040 2685 1312 2774 debacchantes,

246 2807 307 2903 qui
329 2807 465 2880 hiscere
483 2806 628 2881 omniuo
651 2829 722 2880 non
745 2805 894 2894 audent,
913 2815 952 2879 ut
973 2806 1101 2879 horum
1120 2804 1257 2878 tristem
1277 2814 1312 2878 et

246 2927 411 3001 miseram
431 2939 561 3002 sortem
579 2927 624 3001 sit
642 2937 735 3001 certe
753 2928 1018 3008 lamentaturus.
1125 3010 1128 3016 ,

295 3050 402 3124 Poeta
428 3050 576 3147 quilibet
606 3051 665 3148 qui
692 3050 921 3149 philosophiae
947 3050 1132 3149 cujusdam
1158 3048 1312 3146 suscepit

248 3170 503 3268 patrocinium,
521 3171 655 3248 nullam
679 3194 865 3270 personam
887 3171 1094 3268 plerumque
1111 3171 1148 3243 in
1170 3192 1311 3244 scenam
1426 3209 1432 3219 ·

248 3291 404 3381 inducit,
430 3316 509 3390 quae
534 3317 604 3368 non
629 3304 701 3368 arte
724 3296 804 3368 ficta
828 3293 939 3388 magis
962 3315 1068 3389 quam
1094 3302 1216 3365 natura
1243 3291 1312 3364 sor-

249 3422 342 3486 mata
360 3435 436 3487 esse
459 3413 626 3489 videatur.
653 3415 782 3489 Theses
799 3414 959 3489 defendit
977 3438 1059 3489 cum
1085 3414 1312 3489 sermocinari

250 3535 407 3626 deberet,
433 3547 466 3610 et
490 3561 553 3637 pro
576 3539 678 3612 variis
704 3539 811 3613 animi
842 3539 1022 3615 affectibus
1048 3539 1166 3614 omnia
1192 3539 1314 3614 evolvit

250 3667 538 3753 argumentorum
557 3681 695 3756 genera.
715 3659 877 3733 Humana
897 3671 1039 3750 natura,
1056 3661 1130 3758 ejus
1149 3658 1313 3734 manibus

250 3776 414 3868 subacta,
442 3801 540 3875 aquae
563 3801 634 3853 non
662 3779 840 3854 dissimilis
867 3790 918 3853 est
945 3801 1039 3875 quae,
1067 3801 1130 3876 per
1155 3799 1313 3852 amoenos

251 3923 351 3996 agros
374 3900 445 3974 huc
468 3912 571 3998 atque
592 3901 677 3976 illuc
699 3901 781 3976 lerri
803 3901 903 3977 solita
924 3910 959 3974 et
981 3901 1123 3975 sinuoso
1142 3901 1314 3999 trepidare

252 4025 363 4114 alveo,
382 4025 522 4099 tandem
538 4025 712 4122 plumbeis
728 4025 764 4098 in
781 4024 907 4099 fistulis
923 4024 1104 4116 conclusa,
1122 4047 1185 4122 per
1199 4024 1314 4098 tristes

253 4150 349 4225 urbis
365 4150 459 4225 vicos
478 4173 548 4225 uno
568 4161 686 4225 tenore
702 4150 810 4238 fluere
825 4151 978 4224 docetur.
