3002 5084
798 559 870 631 tao

302 729 380 780 rum
398 704 650 793 versusnullos
666 703 817 804 reperias
840 704 968 804 quibus
993 728 1092 781 sacer
1105 705 1248 805 justitiae
1265 725 1375 780 amor

300 825 353 900 sic
367 837 537 923 erumpat.

348 949 414 1023 Sed
433 972 472 1023 ex
490 950 654 1024 omnibus
671 950 752 1023 viris
776 973 862 1046 quos
888 949 1020 1024 Lucani
1040 949 1225 1024 celebravit
1242 970 1371 1036 musa,

301 1069 419 1143 nullus
437 1079 489 1142 est
515 1069 574 1164 qui
593 1070 635 1143 ad
662 1068 763 1152 illum
788 1069 978 1143 stoicorum
1002 1068 1195 1166 sapientem
1221 1067 1370 1165 propius

300 1192 528 1294 similitudine
556 1192 757 1280 accesserit,
788 1215 895 1288 quam
926 1191 1025 1279 Cato,
1056 1191 1168 1288 qualis
1198 1199 1369 1263 anostra

299 1326 398 1413 poeta
419 1313 635 1390 carminibus
651 1313 809 1412 depictus
830 1315 904 1389 luit.
927 1313 1036 1388 Tanto
1063 1313 1170 1410 igitur
1186 1311 1368 1410 proposito

298 1435 473 1531 exemplo,
493 1434 576 1531 quid
602 1434 776 1509 commodi
794 1445 854 1508 aut
871 1433 1086 1508 incommodi
1105 1431 1227 1508 litteris
1245 1431 1367 1509 latinis

298 1557 405 1630 stoica
421 1556 575 1630 attulerit
591 1556 794 1654 disciplina,
813 1556 1002 1630 videamus.

346 1679 422 1751 Duo
441 1701 518 1775 qnae
540 1681 613 1775 jam
634 1689 732 1752 antea
754 1679 847 1774 apud
870 1678 996 1753 stoicos
1022 1677 1058 1751 iu
1086 1676 1289 1751 universum
1307 1701 1364 1752 re-

297 1801 545 1900 prehendenda
577 1801 905 1891 animadvertimus
937 1800 1068 1898 aliquid
1096 1799 1231 1875 scilicet
1261 1822 1363 1896 aequo

297 1925 482 2022 grandius,
499 1924 661 2021 adjuncta
682 1925 833 2020 quadam
856 1925 1039 2022 jactantia,
1064 1935 1098 1998 et
1124 1924 1272 1998 humani
1299 1947 1364 1999 cu-

293 2047 422 2144 jusque
451 2047 559 2119 teneri
588 2045 733 2138 allectus
763 2057 1023 2144 contemptum,
1053 2047 1089 2118 in
1119 2047 1188 2120 hoc
1220 2068 1362 2143 quoque

298 2168 582 2264 praestantissimo
601 2168 718 2242 stoicae
744 2167 880 2242 virtutis
908 2167 1100 2266 specimine
1126 2191 1269 2244 cernere
1295 2180 1357 2243 est.

298 2288 358 2363 Vix
378 2289 545 2364 Catonem
573 2314 716 2366 assensu
745 2291 936 2388 comprobo
966 2290 1112 2393 miseros
1142 2289 1270 2364 milites
1298 2313 1360 2389 per

298 2411 432 2484 deserta
445 2410 561 2507 Libyae
575 2413 787 2500 trahentem,
801 2423 840 2484 ut
853 2411 954 2508 plane
969 2421 1083 2507 pateat
1098 2411 1254 2507 egregios
1269 2410 1359 2484 viros

297 2551 368 2603 non
382 2529 545 2603 indecore
564 2531 681 2625 fugere
700 2530 870 2627 potuisse;
888 2541 922 2604 et
940 2530 1057 2603 neseio
1075 2530 1160 2625 qnid
1179 2531 1307 2604 durum
1327 2539 1359 2604 et

297 2653 458 2726 inssatum
470 2651 597 2725 habere
610 2652 696 2725 milri
706 2651 868 2726 videntur
878 2676 915 2726 ea
928 2652 1055 2749 quibus
1071 2651 1217 2726 militem
1233 2675 1358 2749 quem·

297 2777 378 2850 dam
393 2774 600 2871 alloquitur,
616 2775 701 2848 dum
721 2797 847 2871 aquam
866 2776 909 2849 ab
927 2798 967 2848 eo
985 2774 1123 2849 allatam
1151 2773 1359 2872 dedignatur

297 2906 331 2969 et
355 2893 525 2993 repellit¹.
553 2893 765 2991 Simpliciter
791 2916 918 2990 negare
942 2893 1079 2982 fuisset,
1107 2907 1186 2968 meo
1214 2893 1357 2992 quidem

293 3016 441 3116 judicio,
457 3015 654 3091 sublimius.

345 3138 422 3211 Non
450 3160 575 3234 parum
604 3158 745 3233 quoque
773 3136 894 3210 Catoni
924 3157 1130 3224 succenseo,
1163 3135 1257 3233 quod
1287 3147 1358 3209 tam

296 3260 390 3358 parvi
415 3258 576 3333 habuerit
594 3258 789 3357 conjugiale
817 3259 948 3345 soedus,
974 3268 1012 3331 ut
1034 3257 1134 3332 alteri
1161 3257 1234 3330 viro
1257 3279 1358 3330 suam

295 3403 457 3468 uxorem,
488 3404 557 3455 non
583 3404 683 3455 secus
713 3393 815 3476 atque
843 3403 931 3476 equo
960 3380 1189 3454 armentalem
1214 3401 1356 3476 equam,

296 3504 579 3601 conjungendam
605 3503 805 3594 tradiderit,
832 3504 1062 3599 eamdemque
1081 3505 1123 3578 ad
1143 3513 1285 3600 penates
1303 3527 1357 3578 re-

296 3627 460 3700 deuutem
473 3636 546 3697 tam
560 3624 681 3720 frigide
693 3625 873 3721 exceperit,
888 3625 986 3720 quasi
1003 3623 1224 3721 publicarum
1239 3648 1355 3698 rerum

295 3772 377 3823 cura
406 3747 491 3824 alios
513 3769 654 3834 omnes,
678 3747 782 3820 etiam
808 3748 1060 3833 sanctissimos,
1081 3769 1204 3820 sensus
1229 3749 1357 3840 exstin-

294 3891 401 3963 guere
419 3879 453 3941 et
470 3866 666 3965 opprimere
684 3866 835 3940 deberet.
862 3867 928 3940 Hie
946 3867 1230 3941 delicatissimam
1249 3868 1357 3941 animi

295 3997 428 4085 partem
449 3986 659 4083 ignoravisse
680 3986 839 4060 Porticus
862 3986 949 4059 milri
967 3987 1103 4061 videtur
1125 3998 1160 4062 ot
1181 3987 1356 4063 nobilissi-

330 4265 338 4303 ⁴
356 4265 469 4336 Plars,
483 4267 501 4322 l.
515 4268 563 4336 Ill,
578 4281 602 4322 v.
617 4269 678 4325 505.
