3042 5086
795 490 818 564 8

284 639 367 727 buS,
386 637 429 712 de
442 637 599 736 pulchris
617 637 745 713 tabulis
763 649 799 712 et
815 637 923 734 signis
938 649 1010 712 tam
1025 636 1135 712 multa
1149 637 1350 735 loquenteS,

285 782 524 857 necunquam
544 759 629 856 quid
648 761 693 834 sit
710 759 901 858 pulchrum
928 761 1165 857 exquirentes,
1182 761 1349 836 omnibus

283 883 353 957 lere
371 883 483 980 poetis
500 881 625 957 indicit
642 882 793 973 bellum,
810 883 939 982 quippe
958 882 1018 981 qui
1038 884 1081 956 ad
1095 882 1243 981 pulchra
1268 907 1348 959 car-

283 1005 379 1080 mina
398 1006 580 1081 condenda
599 1006 709 1102 magis
727 1029 834 1103 quam
852 1006 896 1081 ad
914 1006 1130 1082 reddendam
1149 1007 1350 1083 carminum

283 1128 440 1226 ipsorum
465 1124 738 1225 pulchritudinis
764 1127 936 1202 rationem
963 1127 1080 1203 idonei
1108 1151 1247 1228 semper
1272 1130 1348 1202 lue-

282 1252 363 1328 rint.
379 1251 480 1326 Multi
494 1273 617 1326 eorum
632 1261 715 1324 sunt
729 1250 806 1349 qui,
822 1252 864 1326 de
879 1251 1029 1350 pulchro
1042 1252 1262 1350 interrogati,
1278 1276 1348 1328 non

281 1371 437 1446 valerent
464 1371 663 1445 discernere
691 1371 882 1468 pulchrum
914 1357 1090 1470 quoddam
1125 1373 1302 1469 singulare
1330 1398 1348 1448 a

283 1490 433 1588 pulchro
451 1489 488 1563 in
508 1489 712 1564 universum
733 1501 894 1589 sumpto,
909 1504 958 1580 et,
982 1491 1074 1567 sicut
1095 1491 1259 1591 HippiaS,
1279 1494 1350 1568 ior-

284 1623 374 1686 tasse
389 1612 657 1710 responderent,
677 1612 867 1710 pulchrum
885 1612 973 1690 illud
998 1615 1040 1688 de
1058 1635 1128 1711 quo
1145 1614 1349 1713 philosophi

283 1737 478 1836 disputant,
498 1736 683 1835 pulchram
700 1758 776 1811 esse
794 1735 966 1835 puellam,
982 1737 1118 1836 aliaque
1139 1759 1210 1812 non
1228 1738 1347 1813 minus

281 1859 414 1935 insulsa
431 1859 618 1934 effutirent.

330 1982 451 2058 Poesis
466 1992 500 2057 et
514 1982 752 2080 philosophia,
767 1980 904 2055 duobus
920 1979 1247 2070 diversisducibus,
1265 1979 1348 2054 hinc

284 2130 408 2196 sensu,
435 2107 534 2181 illinc
559 2106 711 2196 ratione,
735 2105 1016 2205 progredientes
1042 2116 1147 2203 atque
1173 2106 1208 2180 in
1232 2116 1348 2205 partes
1459 2199 1464 2207 Ι

284 2227 475 2300 contrarias
491 2226 689 2317 tendenteS,
705 2250 743 2301 ea
759 2249 838 2324 quae
852 2226 894 2300 ad
908 2225 1113 2322 religionem
1128 2236 1161 2300 et
1175 2226 1217 2300 ad
1232 2247 1348 2300 mores

283 2351 627 2448 spectantcontrario
637 2349 789 2448 quodam
801 2350 905 2424 modo
916 2371 1119 2447 concepere.
1133 2347 1243 2446 lgitur
1253 2348 1349 2448 prior

284 2471 368 2546 deos
390 2470 456 2544 sibi
479 2471 578 2554 finxit
603 2492 673 2544 non
701 2469 854 2545 multum
880 2469 1036 2566 dispares
1059 2469 1262 2543 hominibus
1287 2468 1348 2566 qui

284 2603 364 2668 ante
381 2593 503 2668 oculos
521 2589 770 2681 obversantur,
788 2592 879 2665 vitiis
897 2613 967 2666 non
986 2613 1087 2666 secus
1107 2612 1147 2664 ae
1161 2591 1348 2665 virtutibus

284 2714 503 2791 abundantes
520 2726 555 2788 et
572 2715 738 2790 omnibus
756 2714 976 2812 indulgentes
992 2713 1230 2811 voluptatibus
1240 2739 1249 2804 ;
1268 2735 1349 2813 pos-

283 2835 390 2912 terior
415 2857 495 2911 vero
521 2835 628 2910 deum
650 2834 774 2911 habuit
790 2833 1008 2909 intellectum
1025 2833 1127 2908 illum
1144 2833 1350 2933 incorpora·

283 2958 376 3049 lem,
407 2957 636 3056 semetipsum
666 2955 938 3054 intelligentem,
969 2965 1030 3030 aut
1053 2978 1235 3031 summum
1260 2956 1348 3032 illud

283 3081 444 3171 Bonum,
468 3103 538 3178 quo
565 3081 632 3155 alia
659 3080 749 3156 bona
774 3089 857 3154 sunt
879 3090 913 3155 et
937 3080 1032 3178 quod
1060 3102 1163 3155 nemo
1190 3104 1348 3179 unquam

283 3205 383 3296 vidit,
402 3205 469 3278 nisi
491 3205 597 3278 homo
618 3206 788 3278 introrsus
809 3204 1043 3293 contuleruut
1065 3213 1184 3278 noster
1207 3203 1255 3277 ait
1276 3204 1349 3277 Au-

284 3330 512 3426 gustinus,et
526 3326 750 3402 invisibiliter
763 3326 893 3400 cidens.
1275 3415 1279 3425 1

332 3450 423 3524 Cum
441 3458 578 3522 tantum
595 3448 657 3521 has
675 3448 766 3521 inter
781 3446 984 3545 disciplinas
1004 3445 1262 3540 disconveniat,
1276 3449 1348 3523 mi·

285 3570 355 3645 rari
372 3569 573 3644 desinamus
590 3591 653 3642 cur
665 3577 769 3642 tantae
787 3569 878 3642 inter
895 3569 1056 3643 homines
1075 3570 1134 3666 qui
1153 3593 1211 3645 eas
1227 3571 1348 3646 colue-

284 3700 368 3764 runt
392 3691 582 3764 exarserint
604 3687 809 3761 simultates.
836 3687 914 3761 Non
937 3687 1116 3776 homines,
1143 3689 1202 3763 sed
1229 3711 1348 3764 rerum

285 3822 409 3886 natura
425 3812 461 3885 in
478 3810 580 3908 culpa
599 3821 661 3884 est.
687 3808 924 3906 Colophonius
946 3809 1179 3908 Xenophanes
1194 3813 1268 3909 jam
1281 3812 1350 3885 Ho-

284 3957 422 4008 merum
449 3931 726 4030 reprehendebat
756 3931 849 4028 quod
874 3931 939 4005 diis
961 3932 1144 4009 humanos
1174 3932 1351 4007 tribuisset

286 4078 426 4143 sensus,
440 4052 645 4150 egregieque
661 4053 798 4128 dicebat
812 4054 915 4128 boves
928 4065 989 4128 aut
1003 4054 1139 4144 leones,
1159 4055 1302 4153 pingere
1320 4055 1349 4129 si

286 4173 470 4263 callerent,
487 4172 553 4246 diis
572 4195 704 4272 cornua
722 4185 782 4246 ant
795 4172 899 4270 jubas
917 4195 993 4248 esse
1009 4172 1163 4248 daturos.
1187 4174 1265 4250 Non
1284 4173 1348 4248 mi-
