3002 5084
646 474 718 550 lla

198 622 287 698 Cum
303 621 416 698 Caesar
433 621 507 722 ipse
525 620 591 696 sibi
610 620 983 720 sumpsitdictaturam
1001 629 1036 694 et
1053 620 1215 695 consula·

149 752 245 833 tum,
265 763 352 840 quos
370 743 522 818 honores
549 741 729 840 quondam
758 741 846 816 bene
873 739 1007 816 meritis
1036 740 1079 815 de
1104 739 1215 839 patria

72 887 78 894 ·
150 867 284 944 civibus
302 865 405 945 liberi
420 867 540 968 populi
559 869 721 967 suffragia
737 868 897 945 solebant
914 867 1121 959 decernere,
1139 879 1215 945 tum

148 998 251 1088 poeta
266 990 363 1088 luget
377 1011 580 1088 oppressam
594 989 792 1066 libertatem
806 988 1092 1087 venerandaeque
1103 999 1216 1088 potes·

149 1123 236 1189 tates
252 1113 403 1212 pollutas
419 1123 453 1189 et
463 1113 537 1213 jam
564 1115 608 1190 ad
627 1113 779 1189 nihilum
795 1113 965 1190 redactas.
983 1113 1094 1204 Nam,
1112 1112 1156 1187 ab
1174 1132 1215 1187 eo

148 1246 323 1335 tempore,
338 1236 561 1334 magistratus
580 1248 614 1313 et
639 1237 805 1336 imperia,
832 1259 926 1335 quae,
945 1237 1091 1312 florente
1115 1257 1216 1334 repu-

148 1357 258 1449 blica,
274 1358 310 1432 in
328 1367 424 1433 tanto
444 1358 581 1433 fuerant
598 1359 726 1457 pretio,
742 1360 814 1458 jam
830 1357 1049 1457 principibus
1063 1355 1215 1431 ludibrio

147 1480 292 1571 habita,
308 1481 352 1556 ad
377 1481 607 1557 deterrimum
631 1492 692 1558 aut
716 1481 1019 1580 imperitissimum
1039 1502 1215 1577 quemque

149 1600 261 1675 delata
280 1600 441 1692 luerunt,
459 1611 493 1675 et
510 1601 616 1676 rebus
641 1601 795 1692 abolitis,
814 1600 886 1676 sola
909 1623 1029 1675 rerum
1046 1599 1215 1675 vocabula

149 1726 405 1822 permanserel.
422 1722 532 1799 Voces
549 1724 677 1822 quibus
695 1724 846 1800 Romani
862 1723 1023 1799 dominos
1040 1724 1215 1800 mentiun-

149 1854 220 1936 tur,
239 1845 354 1944 inquit
368 1845 550 1937 Lucanus,
566 1847 641 1922 haec
653 1855 736 1922 aetas
754 1846 866 1946 prima
885 1847 1033 1947 reperit,
1052 1847 1215 1923 consula-

147 1979 293 2067 tumque
312 1969 461 2069 praebuit
479 1968 731 2056 deridendum,
755 1969 884 2069 quippe
903 1969 962 2067 qui
982 1969 1059 2044 ideo
1078 1978 1215 2044 tantum

146 2095 250 2170 suerit
267 2104 438 2186 servatus,
457 2105 496 2169 ut
513 2118 619 2170 suum
639 2116 731 2170 anno
746 2094 874 2192 cuique
892 2095 981 2170 soret
999 2097 1163 2169 nomenl.

126 2308 129 2314 ¹
194 2219 367 2312 Tandem,
387 2243 499 2320 quum
523 2220 707 2296 discordiis
736 2220 894 2296 civilibus
920 2220 1082 2296 exterrita
1109 2219 1214 2294 liber-

146 2353 216 2434 tas,
234 2341 475 2418 Pharsalicam
492 2353 571 2440 post
588 2342 745 2432 cladem,
765 2339 892 2417 Italum
911 2340 1026 2416 solum
1045 2339 1214 2432 deseruit,

146 2465 214 2540 vati
231 2474 351 2540 nostro
377 2461 541 2540 excidunt
560 2461 676 2538 acerbi
696 2459 872 2560 iidemque
888 2459 1089 2558 eloquentes
1108 2483 1213 2559 ques-

146 2597 213 2664 tus.
232 2586 359 2663 Brutos
383 2587 454 2662 lere
472 2595 686 2677 exsecratur,
703 2585 764 2684 qui
785 2584 980 2662 libertatem
1001 2596 1035 2658 et
1052 2582 1214 2659 consula·

147 2721 222 2788 tum
239 2710 464 2787 instituerant
489 2710 681 2808 Romaeque
706 2710 798 2785 bona
823 2708 991 2784 dederant
1018 2708 1102 2784 olim
1121 2687 1214 2808 p'eri-

146 2844 240 2926 tura,
259 2845 293 2910 et
311 2855 462 2933 quorum
488 2834 659 2911 desiderio
684 2846 856 2910 aeternum
879 2832 1111 2923 cruciaretur,
1131 2855 1213 2908 cum

148 2956 262 3033 caeteri
280 2957 418 3056 populi,
441 2955 535 3031 'nihil
563 2957 630 3032 tale
659 2959 809 3058 experti,
838 2980 900 3032 sua
931 2966 1023 3032 sorte
1041 2955 1213 3047 contenti,

145 3078 324 3179 placidum
341 3104 454 3158 aevum
472 3091 695 3179 peragerent:

252 3291 258 3312 .
297 3294 303 3308 .
344 3295 349 3310 .
370 3254 490 3326 Fugiens
506 3253 585 3311 civile
600 3252 691 3324 netas,
709 3251 886 3322 redituraque
900 3263 1039 3321 nunquam

250 3350 387 3423 Libertas,
402 3350 474 3408 ultra
489 3349 607 3421 Tigrim,
622 3349 800 3419 Rhenumque
817 3347 947 3419 recessit,

250 3446 301 3519 lc,
314 3447 397 3504 toties
411 3444 598 3518 nobisJuguto
612 3446 743 3518 quaesita,
758 3447 889 3516 negatur,

251 3543 415 3601 Germanum
429 3541 640 3614 scythicumque
656 3540 776 3612 bonum,
793 3554 844 3597 uec
858 3535 972 3609 respicit
987 3537 1057 3596 ultra

171 3633 175 3641 '
251 3635 398 3695 Ausoniam
403 3674 1050 3695 ...............

249 3733 289 3788 De
302 3735 408 3806 Brutis,
421 3737 555 3808 Fortuna,
571 3749 680 3808 queror.
697 3732 771 3804 Quid
785 3737 909 3805 tempora
923 3731 1015 3803 legum

250 3825 378 3897 ligimus,
392 3833 440 3885 aut
451 3843 540 3887 annos
552 3845 568 3887 a
581 3830 700 3888 Consule
713 3843 813 3886 nomeu
829 3825 983 3886 habentes?

250 3916 357 3978 Felices
371 3921 486 3995 trabes,
500 3925 642 3998 Medique,
655 3927 764 3998 anque
779 3925 879 3995 tellus,

179 4132 187 4170 ¹
204 4132 337 4192 eoadem
350 4136 579 4206 moplstrctoum
591 4133 764 4194 uocabulo.»
786 4134 863 4208 (Tac.
880 4136 968 4205 Ano„
983 4131 1001 4188 l.
1017 4133 1042 4204 l,
1059 4147 1083 4188 c.
1100 4130 1139 4204 3.)

176 4227 314 4303 ²Plectra,
328 4230 346 4286 l.
360 4232 391 4303 V,
404 4243 428 4288 v.
443 4235 510 4288 383.
