3002 5084
636 971 1011 1049 conctuslo.

341 1207 389 1300 Ex
409 1206 463 1281 bis
481 1205 645 1281 omnibus
664 1205 900 1300 colligendum
918 1215 986 1292 est,
1007 1213 1046 1275 ut
1064 1202 1207 1298 opinor,
1226 1201 1356 1274 stoicos

292 1347 515 1424 nequaquam
542 1325 676 1424 poesim
696 1346 878 1397 romanam
907 1321 1148 1407 inclinavisse,
1176 1331 1210 1394 et
1236 1320 1271 1392 in
1299 1341 1359 1394 eos

291 1472 476 1548 perperam
494 1447 617 1523 collata
636 1447 742 1521 luisse
761 1447 838 1519 vitia
859 1467 937 1542 quae
955 1445 1087 1518 litteras
1102 1446 1174 1542 jam
1202 1454 1276 1517 tum
1304 1465 1360 1515 se·

293 1577 474 1642 nescentes
492 1567 698 1640 invaserant.
723 1565 814 1652 lma,
835 1587 946 1661 quom
964 1564 1081 1637 omnia
1101 1564 1172 1637 lere
1190 1562 1358 1635 dissoluta

292 1689 328 1761 in
344 1688 442 1787 pejus
456 1698 600 1762 ruerent
614 1697 648 1761 ct
661 1686 913 1774 dilaberentur,
929 1687 1004 1759 baec
1020 1695 1130 1774 secta,
1146 1666 1359 1781 ad'tempus,

293 1807 472 1905 poeticum
487 1804 573 1879 aluit
595 1827 636 1878 uc
660 1805 827 1877 sustinuit
849 1804 1029 1900 spiritum;
1050 1803 1178 1899 quippe
1203 1824 1281 1898 quae
1306 1801 1358 1873 in-

293 1927 394 2024 genia
411 1928 514 2002 unice
536 1926 649 2000 verbis
668 1925 800 1999 intenta
819 1926 862 1999 ad
881 1949 935 2000 res
962 1924 1169 1998 converterit
1194 1934 1228 1997 ct
1246 1925 1356 1998 bomi-

295 2075 381 2126 num
400 2051 578 2125 mentibus
596 2059 699 2146 atque
722 2049 848 2122 animis
874 2048 1082 2121 valentiores
1103 2046 1291 2143 praebuerit
1307 2047 1355 2120 cie

296 2175 370 2248 bos.
389 2172 538 2260 Manilii,
552 2173 682 2262 Persii,
696 2171 892 2261 luvenalis,
910 2172 1044 2244 Lucani
1062 2170 1176 2244 evolve
1190 2179 1223 2243 et
1240 2181 1360 2243 excute

296 2313 402 2390 opera
413 2315 423 2382 ;
450 2290 538 2363 nihil
557 2290 605 2364 ibi
624 2291 665 2363 iis
682 2290 768 2364 locis
787 2289 1065 2387 comparandum
1084 2289 1254 2386 reperies,
1273 2311 1360 2386 quos

272 2445 276 2453 1
296 2421 336 2484 ut
352 2431 434 2484 suos
451 2409 614 2483 Porticus
632 2409 698 2483 sibi
718 2409 797 2507 jure
817 2409 988 2499 vindicat3
1012 2409 1266 2506 etquicunque
1287 2430 1363 2481 ver-

297 2555 357 2607 sus
376 2531 598 2630 disciplinam
613 2531 757 2606 stoicam
773 2531 969 2605 redolentes
984 2554 1024 2604 ex
1038 2532 1165 2604 horum
1181 2541 1362 2628 poetarum

298 2653 436 2752 scriptis
464 2654 676 2744 detraheret,
698 2655 795 2727 hunc
822 2655 870 2728 eis
897 2654 1049 2728 salebere
1076 2677 1146 2728 non
1172 2654 1365 2728 resarcien-

300 2779 386 2853 dum
402 2779 590 2852 allaturum
608 2801 682 2852 esse
698 2777 959 2851 detrimentum.
1030 2763 1040 2790 ³

284 2983 287 2988 ¹
348 2899 480 2975 Cuncta
508 2899 616 2995 igitur
640 2899 677 2992 in
703 2898 894 2972 stoicorum
924 2897 1068 2972 historia
1094 2896 1159 2971 sibi
1187 2887 1364 2988 constant,

300 3021 583 3120 necquidquam
611 3021 648 3096 in
675 3013 846 3095 eu'videas
866 3022 960 3118 quod
985 3022 1117 3096 eaeteris
1145 3021 1366 3118 discrepetet

303 3146 549 3220 disconveniat.
568 3146 646 3221 Non
665 3144 779 3220 solum
798 3145 893 3218 enim
911 3145 954 3218 de
979 3145 1137 3219 moribus
1155 3155 1188 3216 et
1213 3143 1256 3216 de
1281 3140 1367 3237 legi-

303 3266 387 3356 bus,
404 3267 497 3362 qnod
516 3289 619 3340 nemo
635 3268 704 3341 lere
728 3266 859 3340 vocavit
877 3267 911 3338 in
932 3266 1096 3352 dubium,
1116 3263 1177 3337 sed
1195 3264 1297 3336 etiam
1324 3262 1367 3335 de

304 3387 428 3461 litteris
445 3386 534 3461 bene
559 3399 774 3461 meruerunt.
803 3387 885 3477 Qui,
904 3386 1105 3460 bominibus
1124 3384 1367 3484 perditissimis

305 3507 759 3612 reipublicaegubernacula
774 3509 1022 3598 tractantibus,
1039 3508 1239 3582 inviolatam
1257 3529 1370 3579 serva-

306 3640 431 3702 verunt
447 3629 640 3702 humanam
659 3629 880 3724 dignitatem,
906 3640 1009 3727 atque
1033 3630 1171 3726 iniquas
1189 3629 1368 3702 Romano-

307 3772 388 3824 rum
407 3748 558 3845 leges-ad
577 3760 680 3824 rectae
698 3751 841 3841 rationis
866 3775 1028 3826 normam
1054 3752 1098 3824 ita
1126 3760 1368 3837 correxerunt,

308 3880 350 3944 ut
374 3893 423 3944 eae
448 3880 574 3944 aeterna
608 3869 718 3965 ipsius
746 3870 889 3944 rationis
918 3871 1055 3944 decreta
1073 3869 1369 3956 nominarentur,

309 3993 433 4083 iidem,
452 4017 561 4090 quum
581 3994 622 4067 iis
645 3994 809 4068 omnibus
827 4006 944 4068 ortum
972 3994 1097 4068 dedere
1119 4016 1196 4090 quae
1220 4015 1238 4065 a
1255 3992 1371 4065 Tullio

310 4115 347 4189 in
373 4113 433 4188 illo
450 4115 502 4188 De
520 4115 656 4212 Officiis
673 4115 762 4190 libro
788 4126 822 4188 et
847 4139 867 4190 a
892 4116 1011 4190 Tacito
1026 4116 1062 4188 in
1088 4113 1284 4190 Annalibus
1302 4113 1373 4187 elo·

312 4242 459 4328 quanter
477 4256 517 4307 ac
536 4234 700 4308 divinitus
724 4235 816 4308 dicta
839 4236 995 4324 suerunt,
1021 4226 1095 4308 tum
1122 4233 1164 4307 de
1190 4233 1261 4306 Deo
1279 4232 1373 4305 etde
