3002 5084
774 440 846 515 tao

331 580 415 668 Quis
440 590 493 654 est
521 581 595 669 eui,
622 580 703 655 talia
728 580 873 677 legenti,
901 579 1018 654 statim
1047 603 1118 654 non
1146 579 1359 655 obversetur

284 713 363 775 ante
388 701 508 774 oeulos
531 702 642 774 mirus
665 701 722 774 iile
741 723 933 774 consensus
957 723 1097 789 rerum,
1116 723 1194 796 quae
1212 700 1258 773 ita
1278 721 1358 773 una

283 837 318 898 et
334 826 455 900 eadem
473 827 503 898 vi
526 827 722 900 constrictae
746 838 926 916 tenentur,
946 839 1002 914 ut,
1025 849 1103 900 eam
1122 826 1166 899 ob
1186 847 1357 912 causam,

283 970 404 1022 earum
430 971 649 1044 unaquaeque
677 971 746 1022 non
773 949 878 1023 modo
906 949 1028 1022 existet
1057 962 1091 1023 et
1119 960 1262 1046 perstet,
1288 947 1356 1023 sed

283 1071 387 1145 etiam
407 1071 508 1159 alias,
527 1072 556 1144 si
574 1070 683 1169 ipsius
706 1083 831 1146 natura
850 1071 983 1161 tulerit,
1002 1072 1129 1147 sentiat
1147 1082 1181 1144 et
1198 1092 1353 1166 cognos-

286 1202 351 1264 cat.

331 1313 463 1388 Eadem
480 1315 516 1387 in
535 1316 649 1412 primo
667 1317 781 1414 operis
799 1316 889 1391 libro
907 1316 1056 1415 explieat
1076 1315 1258 1403 Manilius,
1278 1315 1351 1389 eis·
1436 1318 1439 1324 ’

283 1461 351 1536 que
369 1439 511 1529 nititur,
536 1451 575 1514 ut
602 1454 824 1537 argumenta,
842 1466 921 1539 quae
947 1464 1010 1540 pro
1037 1441 1136 1517 Sorte
1154 1463 1195 1515 ao
1226 1449 1348 1517 eontra

283 1562 395 1640 Deum
414 1564 515 1639 allata
534 1578 632 1656 sunt,
651 1567 806 1643 confutet
823 1578 857 1643 et
875 1568 1010 1643 diluat:

389 1737 446 1796 Neo
461 1737 609 1808 quidquam
624 1739 651 1795 in
666 1742 742 1796 tanta
755 1739 844 1810 magis
856 1742 901 1795 est
913 1738 1036 1796 mirabile
1050 1737 1122 1795 mole

389 1836 476 1903 Quam
491 1835 574 1904 ratio,
588 1840 618 1891 et
630 1835 715 1892 certis
728 1835 802 1906 quod
816 1835 925 1906 legibus
940 1835 1030 1891 omnia
1044 1839 1154 1905 parent.

388 1930 531 2002 Nusquam
543 1930 623 1987 turba
637 1936 730 2001 nocet,
747 1931 814 1987 nihil
827 1929 893 1988 ullis
905 1931 1031 2003 partibus
1042 1936 1117 1988 errat

389 2022 488 2080 Larius
501 2029 548 2081 aut
561 2025 686 2095 brevius,
700 2029 837 2081 motatore
850 2024 947 2081 ordine
958 2023 1055 2080 fertur.

390 2117 461 2187 Quid
476 2121 532 2175 tam
546 2118 693 2176 contusum
705 2118 810 2191 speeie,
825 2117 890 2188 quid
903 2121 957 2175 tam
971 2117 1030 2176 vioe
1044 2121 1150 2174 eertum
1163 2113 1226 2172 est?

390 2210 428 2266 Ae
441 2210 507 2266 mihi
521 2214 575 2266 tam
589 2224 712 2282 praesens
727 2211 797 2266 ratio
812 2223 866 2267 non
881 2210 936 2266 ulla
948 2209 1072 2281 videtur,

391 2303 450 2370 Qua
462 2308 555 2372 pateat
565 2303 696 2360 mundum
709 2303 801 2360 divino
815 2304 925 2360 numine
938 2303 1021 2374 verti,

390 2401 477 2470 mque
490 2401 580 2470 ipsum
593 2414 656 2457 esse
670 2402 770 2472 Deum,
787 2415 838 2458 neo
854 2403 935 2458 Forte
953 2402 1045 2458 coisse
1062 2402 1209 2472 magistra,

391 2499 425 2556 Ut
442 2497 528 2556 voluit
541 2500 629 2570 credi,
646 2501 692 2572 qui
706 2501 811 2572 primus
823 2501 924 2558 moenia
939 2499 1034 2557 mundi

391 2594 547 2651 Seminibus
561 2596 662 2653 struxit
675 2597 808 2666 minimis,
822 2597 906 2668 inque
919 2596 966 2652 illa
979 2595 1093 2652 resolvit
1106 2593 1122 2652 ¹.

335 2731 412 2805 Non
432 2730 546 2806 solum
560 2732 601 2806 de
616 2732 815 2806 coelestibus
828 2742 862 2806 et
874 2731 1015 2819 divinis,
1031 2730 1092 2804 sed
1106 2729 1211 2804 etiam
1226 2728 1269 2804 de
1284 2741 1350 2804 ter-

288 2853 380 2927 renis
395 2865 430 2928 et
445 2853 653 2927 mortalibus
669 2852 789 2942 rebuS,
807 2852 1106 2950 quemadmodum
1124 2850 1349 2950 praeclarissi-

289 3001 362 3067 me,
380 2980 429 3053 sic
445 2979 621 3053 verissime
639 2978 747 3054 sensit
761 2977 944 3061 Manilius,
960 2989 999 3051 ut
1016 2978 1096 3074 qui,
1114 2976 1232 3051 stoicis
1251 2976 1351 3050 duci-

289 3098 374 3188 bus,
393 3098 435 3172 de
459 3099 536 3171 trita
562 3098 738 3172 deflexerit
754 3099 817 3171 via.
843 3097 932 3183 Quid
953 3096 1116 3193 estquod
1138 3097 1266 3192 magiS,
1281 3119 1351 3170 non

288 3218 393 3292 modo
408 3217 669 3316 imperitorum,
683 3217 742 3292 sed
756 3240 864 3316 prope
878 3218 1081 3306 doctorum,
1097 3216 1189 3313 apud
1204 3225 1351 3306 veteres,

288 3344 399 3417 risum
409 3344 555 3417 moverit
568 3343 1050 3441 quamqoaedeautipodibus
1064 3343 1165 3416 stoici
1177 3341 1349 3415 dixerant:

288 3489 363 3541 esse
377 3466 536 3540 videlicet
550 3468 727 3557 homines,
742 3491 893 3564 quorum
906 3467 1046 3564 vestigia
1059 3465 1209 3562 vestigiis
1224 3465 1362 3550 nostris

288 3600 403 3663 essent
417 3588 577 3678 adversa,
597 3599 631 3662 et
648 3590 708 3686 qui
725 3590 761 3663 in
786 3589 988 3664 inferiorem
1012 3588 1090 3662 ooeli
1108 3598 1243 3685 partem
1263 3607 1351 3682 prae·

288 3709 409 3806 cipites
427 3693 496 3781 non
517 3709 702 3783 caderent?
720 3710 903 3784 Lucretius
917 3711 981 3782 hos
995 3708 1093 3782 ducit
1105 3706 1249 3781 stolidos
1263 3728 1350 3803 quos

285 3831 385 3906 istius
403 3831 498 3906 modi
517 3831 659 3908 incessit
676 3833 794 3932 opinio
807 3835 832 3906 ².
851 3832 929 3908 Non
948 3830 1074 3906 melius
1093 3853 1176 3906 oum
1195 3830 1251 3904 his
1269 3829 1349 3929 phi-

322 4069 328 4104 ¹
344 4069 416 4126 Man.
436 4050 523 4138 Astra,
537 4069 555 4124 1.
569 4068 594 4140 Ι,
608 4084 633 4125 ν.
651 4071 711 4126 485.

322 4165 424 4223 ²Lucr.
443 4170 485 4220 De
496 4174 557 4222 not.
572 4183 642 4238 reru,
655 4167 673 4222 l.
686 4167 711 4230 1,
726 4181 749 4220 v.
765 4170 844 4222 ⁴060.
