3002 5084
790 435 838 509 84

282 597 365 673 pace
389 574 548 671 dixerim)
570 599 677 666 verae,
696 577 911 672 magnificae,
930 587 964 649 et
986 575 1109 650 rudem
1133 574 1346 673 incomposi-

278 713 419 802 tamque
438 703 631 780 orationem
646 703 804 780 officiunt
820 703 1061 802 gravissimam
1076 726 1116 778 ao
1131 702 1348 802 praestantis-

277 823 414 900 simam.

325 946 485 1045 Agnosco
500 945 651 1022 stoicum
667 945 903 1045 eumdemque
917 945 1073 1022 nobilem
1088 955 1122 1022 et
1133 965 1346 1044 generosum

275 1072 406 1160 virum,
423 1091 487 1172 pro
504 1072 666 1171 aequitate
680 1086 983 1172 propugnantem,
1003 1072 1057 1147 his
1080 1073 1117 1146 in
1134 1070 1249 1147 verbis
1266 1070 1346 1168 qui-

276 1197 342 1273 bus
361 1220 396 1272 se
415 1195 591 1272 malorum
606 1197 789 1296 profitetur
807 1220 882 1274 esse
901 1197 1163 1288 insectatorem,
1179 1207 1214 1272 et
1234 1195 1346 1272 bonos

276 1344 404 1419 magno
421 1321 585 1420 prosequi
603 1319 731 1395 studio.
747 1320 905 1396 Stoicum
926 1342 1065 1418 quoque
1089 1317 1229 1418 planius
1246 1340 1347 1418 repe-

275 1446 346 1521 rire
358 1456 410 1521 est
423 1445 459 1519 in
472 1444 628 1519 versibus
642 1441 771 1541 quibus
787 1443 936 1542 patriam
950 1454 1029 1519 ante
1043 1443 1178 1533 omnia,
1192 1451 1269 1517 tum
1281 1465 1346 1540 pa-

276 1576 406 1654 rentes,
427 1565 577 1662 denique
596 1563 824 1662 semetipsum
843 1565 1048 1663 ponendum
1063 1586 1137 1639 esse
1153 1562 1345 1656 existiman

276 1710 359 1762 nam
383 1687 521 1762 Marcus
548 1687 703 1778 Tullius,
726 1687 923 1762 Panaetium
950 1687 1101 1763 stoicum
1124 1697 1284 1779 secutuS,
1312 1697 1347 1762 et

277 1813 438 1888 eamdem
448 1811 634 1888 enuntians
645 1813 869 1905 sententiam,
882 1813 1007 1888 iisdem
1018 1814 1088 1888 iere
1100 1814 1212 1891 verbis
1223 1815 1344 1890 utitur.

325 1931 481 2032 Capitale
499 1932 566 2008 hoo
584 1932 726 2024 odium,
750 1955 822 2007 non
841 1933 884 2008 ab
908 1932 1053 2023 invidia,
1081 1932 1142 2009 sed
1172 1956 1191 2009 a
1218 1933 1346 2010 virtute

277 2064 418 2146 natum,
438 2078 507 2152 quo
526 2066 627 2155 poeta
650 2065 768 2131 noster
785 2055 986 2132 incenditur
1008 2056 1046 2131 in
1071 2053 1270 2158 improbae,
1294 2056 1346 2131 sio

278 2179 363 2256 alias
381 2180 552 2278 erumpit:

384 2484 435 2543 Uni
450 2498 480 2540 se
494 2488 577 2556 atque
590 2483 678 2541 eidem
693 2483 786 2540 studio
801 2497 898 2541 omnes
911 2482 1011 2541 dedere
1025 2487 1054 2540 et
1066 2484 1132 2556 arti;

384 2582 473 2641 Verba
487 2583 551 2639 dare
565 2586 595 2640 ut
607 2588 687 2640 caute
701 2583 825 2655 possint,
838 2595 963 2654 pugnare
975 2581 1086 2655 dolose,

383 2679 517 2738 Blanditia
530 2686 651 2753 certare,
665 2680 768 2738 bonurn
782 2681 911 2738 simulare
923 2681 1011 2738 virum
1025 2695 1071 2751 se,

383 2776 501 2834 Insidias
513 2775 620 2847 facere,
635 2782 667 2836 ut
682 2778 706 2835 si
719 2777 816 2835 hostes
830 2778 887 2834 sint
899 2777 1027 2840 omnibus
1042 2788 1146 2834 omnes.

328 2953 389 3029 Vir
402 2955 516 3030 bonus
534 2953 698 3074 quilibet,
716 2953 823 3028 etiam
839 2975 910 3029 non
928 2943 1080 3042 stoicus,
1096 2950 1243 3026 simodo
1262 2973 1346 3049 poe·

279 3079 347 3156 tioa
367 3079 530 3155 saeuitate
546 3077 727 3169 valuisset,
745 3078 796 3153 sio
814 3078 969 3176 profecto
988 3077 1136 3174 (fatebor
1156 3075 1264 3172 enim)
1284 3098 1348 3174 po-

279 3203 347 3278 tuit
371 3201 603 3299 indignationi
621 3201 694 3277 vela
717 3200 810 3276 dare.
838 3199 1020 3290 Attamen,
1044 3223 1127 3276 oum
1146 3197 1346 3273 Porticusa

280 3321 393 3396 sallaoi
410 3321 604 3397 imitatione
621 3321 916 3417 simulationeque
933 3320 1070 3395 virtutis
1088 3319 1263 3419 praecipue
1281 3318 1345 3393 ab·

280 3446 497 3537 horrueriti,
515 3468 707 3543 omnesque
724 3444 885 3520 homines
903 3443 996 3519 velut
1013 3445 1173 3543 quaedam
1190 3444 1346 3543 corporis

280 3569 438 3669 ejusdem
457 3571 615 3646 membra
633 3569 813 3662 habuerit,
836 3571 1017 3646 communi
1036 3570 1345 3666 caritatisvineulo

280 3695 485 3794 conjuncta,
503 3705 538 3770 et
560 3705 599 3770 ut
622 3707 783 3771 mutuam
805 3695 871 3770 sibi
894 3706 1059 3795 praestent
1082 3719 1225 3795 operam
1251 3693 1347 3772 ordi-

279 3830 383 3912 nata,
409 3844 633 3918 nequaquam
658 3822 825 3914 mirarer,
854 3822 883 3897 si
910 3823 989 3920 quis
1014 3825 1241 3900 contenderet
1268 3826 1344 3900 haee
1418 3852 1421 3856 ·
1487 3881 1488 3936 3

279 3933 392 4018 diota:
414 3937 555 4018 «Verba
574 3940 655 4018 dare
675 3952 713 4019 ut
727 3952 829 4020 eante
843 3944 1026 4042 possint...
1045 3955 1085 4019 ut
1098 3943 1127 4019 si
1140 3945 1257 4021 hostes
1273 3944 1346 4020 sint

317 4179 325 4209 ¹
338 4180 396 4240 (iio.
411 4183 455 4240 De
467 4178 537 4254 Off,
553 4179 572 4241 1.
587 4182 612 4254 i,
626 4197 651 4240 e.
665 4186 709 4241 ta.
