3042 5086
662 522 708 596 53

145 669 259 742 finem
281 667 410 765 dirigit.
432 666 517 753 Quis
543 671 679 766 estqui
705 693 776 745 non
802 671 949 746 fateatur
974 671 1217 765 Bossuetium,

143 787 244 863 verbi
274 787 404 884 gratia,
436 809 620 886 nunquam
649 811 832 888 exsurgere
859 790 962 865 altius
992 813 1098 888 quarn
1134 815 1217 868 curn

144 909 262 985 Deum
288 909 358 984 alto
373 932 392 984 e
410 908 498 984 coelo
516 932 708 1007 regnorum
726 911 885 987 omnium
904 911 1059 988 habenas
1076 923 1216 1006 tenere,

146 1029 315 1104 effectum
338 1051 513 1127 quemque
531 1030 567 1104 in
584 1053 688 1106 causa
706 1031 811 1106 etiam
829 1033 1062 1108 remotissima
1084 1033 1217 1126 videre,

146 1159 181 1225 et
206 1149 438 1226 consiliorum
466 1150 608 1248 longam
626 1152 752 1226 seriem
775 1151 873 1228 lactis
892 1153 1046 1250 quotidie
1063 1154 1217 1232 evolvere

146 1271 340 1371 praedicat?
352 1272 442 1348 Cum
459 1273 555 1347 enirn
572 1273 799 1372 pulchritudo
812 1274 961 1373 alicujus
974 1275 1024 1352 rei
1038 1274 1074 1351 in
1089 1299 1217 1375 magna

146 1405 318 1494 potestate
336 1398 560 1495 perlectoque
586 1397 708 1472 ordine
726 1397 901 1496 praecipue
927 1398 1040 1497 posita
1067 1399 1127 1491 sit,
1145 1400 1216 1475 Deo

147 1519 349 1595 universam
366 1520 460 1594 hanc
477 1520 610 1594 molem
632 1519 664 1592 vi
687 1541 751 1594 sua
778 1519 911 1618 regenti
935 1531 969 1596 et
992 1543 1114 1598 omnes
1140 1524 1216 1622 ejus

152 1651 264 1739 partes
279 1641 459 1740 sapientie
476 1641 612 1738 legibus
629 1641 831 1742 subjicienti
848 1665 1027 1720 summam
1045 1667 1120 1722 esse
1137 1645 1218 1745 pul·

153 1763 388 1840 chritudinem
407 1786 550 1839 neccsse
568 1773 631 1838 est.

196 1887 340 1986 Aliquid
353 1911 424 1963 non
438 1889 592 1963 multurn
607 1888 775 1964 dissimile
793 1889 923 1964 nostris
937 1889 1071 1988 placuit
1082 1889 1217 1982 stoicis,

147 2010 280 2110 quippe
303 2011 363 2109 qui
391 2035 514 2088 omnes
538 2022 647 2088 terras
673 2011 862 2110 gubernari
886 2013 1139 2090 contenderent
1161 2037 1217 2090 ra-

147 2135 243 2212 tione
262 2148 388 2213 cuncta
416 2137 544 2214 tuentis
574 2161 614 2214 ac
642 2138 793 2236 regentis
810 2137 884 2213 Dei.
904 2138 1005 2226 Quod
1031 2139 1059 2214 si
1085 2139 1139 2214 lex
1156 2139 1215 2215 illa

145 2258 382 2334 immutabilis
406 2282 477 2335 non
504 2260 605 2336 sacile
632 2259 794 2336 convenit
820 2283 902 2336 curn
927 2259 1037 2336 libero
1061 2261 1215 2337 hominis

145 2383 309 2476 arbitrio,
325 2395 358 2458 et
385 2386 494 2459 latum
519 2383 597 2458 ideo
623 2383 688 2458 suit
712 2382 909 2473 nominata,
932 2382 1000 2458 hoc
1028 2392 1145 2458 lamen
1164 2394 1215 2460 est

145 2506 518 2598 animadvertendum,
535 2507 602 2582 tale
620 2506 729 2582 saturn
749 2529 973 2604 nequaquam
989 2529 1121 2582 caccum
1140 2529 1214 2582 esse

145 2640 180 2704 et
198 2629 384 2728 insipiens,
403 2641 437 2703 et
453 2652 580 2728 parum
606 2628 651 2705 ab
668 2651 725 2720 ea,
743 2652 850 2726 quarn
867 2629 1126 2705 Providentiam
1150 2652 1213 2706 no·

144 2749 345 2840 minamuS,
362 2749 511 2824 dillerre.
538 2747 630 2834 Quot
647 2749 742 2824 enim
766 2749 986 2849 philosophi,
1001 2749 1096 2849 iique
1113 2750 1212 2826 illus·

145 2870 311 2961 trissimi,
339 2870 615 2961 affirmaverunt,
645 2892 716 2945 non
748 2869 866 2945 omnia
896 2871 988 2946 sicut
1017 2870 1214 2947 collibuerit

147 3016 250 3091 agere
267 2993 399 3083 Deum,
417 2993 479 3068 sed
502 3015 542 3069 aa
561 3003 697 3068 tanturn
722 2993 858 3068 efficere
883 3013 985 3090 posse
1003 3013 1081 3090 quae
1097 2992 1213 3068 existi·

145 3127 221 3192 mat
238 3115 384 3214 optima!

195 3235 368 3312 Caeterum
387 3257 465 3309 vere
484 3256 529 3309 an
547 3255 648 3309 secus
667 3232 710 3308 de
722 3231 791 3308 lato
805 3232 905 3308 stoici
919 3232 1108 3318 senserint,
1123 3231 1212 3308 nihil

145 3358 190 3433 ad
208 3380 290 3448 nos;
309 3357 377 3432 hoc
395 3356 510 3432 solum
526 3365 686 3431 nostrum
705 3367 772 3446 est,
796 3355 825 3430 si
844 3378 912 3453 qua
931 3353 1053 3430 eximia
1070 3355 1213 3430 luerunt

147 3481 190 3557 de
215 3482 286 3556 lato
315 3481 471 3556 versibus
490 3480 634 3578 scripta,
663 3501 702 3556 ea
727 3481 874 3570 reterre,
900 3487 934 3554 et
956 3477 1212 3554 humanissimo

147 3603 270 3679 lectori
289 3603 547 3680 commendare.
564 3601 664 3692 Haeo,
682 3600 719 3678 in
738 3612 862 3699 quarto
880 3600 994 3700 operis
1010 3601 1117 3690 libro,
1136 3600 1211 3676 Ma·

147 3723 256 3800 uilius
269 3747 276 3796 :

254 3973 929 4046 FQOmmwmmmmffl,

253 4063 985 4144 mmwwwmmmwmmwm

254 4161 986 4235 mmmmmwmmdwmmm

254 4254 927 4329 Hmmmmmfflmemmm
