3042 5086
619 537 668 612 ta

107 687 325 761 haberemus
356 681 548 776 ciuitatem,
579 684 782 760 bominibus
809 705 891 759 cum
920 683 991 758 Deo
1017 704 1177 758 commu-

108 832 211 900 nem,
229 809 265 882 in
283 830 351 905 qua
367 830 472 883 nemo
490 829 562 882 non
587 808 677 884 liber
694 819 800 899 esset,
825 829 929 882 nemo
953 827 1024 880 non
1039 806 1177 905 justus,

108 945 143 1008 et
160 933 264 1031 cujus
282 943 410 1007 nostrae
428 933 483 1007 bae
500 934 654 1009 civitates
669 956 793 1009 vanarn
812 943 847 1008 et
862 931 985 1007 falsam
1004 953 1117 1028 usque
1134 931 1178 1005 ad

108 1059 178 1131 hoc
205 1066 345 1154 tempus
374 1056 672 1131 adumbraverunt
694 1056 895 1153 imaginem.
925 1054 1037 1140 Quam
1064 1054 1093 1129 si
1120 1075 1179 1128 vo-

109 1176 230 1251 lumus
252 1176 439 1273 aliquando
464 1176 631 1266 condere,
656 1175 699 1250 ad
721 1177 943 1273 sempiternae
970 1174 1064 1250 illius
1091 1174 1178 1271 legis

111 1317 275 1384 normam
292 1295 385 1393 leges
403 1305 531 1370 nostrae
549 1295 764 1394 corrigendae
782 1306 881 1386 sunt,
903 1305 937 1370 et
955 1294 1101 1370 colenda
1119 1294 1178 1369 illa

110 1419 249 1516 generis
265 1418 412 1492 humani
426 1419 569 1510 caritaS,
588 1443 655 1517 qua
671 1419 852 1494 bominem
872 1438 1178 1515 unumquemque,

112 1564 184 1616 non
208 1541 313 1616 modo
332 1552 371 1616 ut
387 1542 545 1632 tratrem,
571 1542 632 1616 sed
652 1551 690 1618 ut
716 1541 872 1640 corporis
891 1541 1048 1640 ejusdem
1066 1563 1178 1617 mem·
1214 1539 1218 1548 ’

114 1662 220 1736 brum
237 1660 415 1759 quoddam
431 1684 597 1738 curemus
615 1673 649 1736 et
665 1662 852 1738 foveamus

163 1781 340 1868 Quantum
358 1782 503 1858 interest
526 1782 618 1858 inter
638 1781 747 1857 stoica
771 1782 831 1856 illa
854 1780 1030 1872 instituta,
1051 1778 1179 1879 quibus

111 1906 155 1980 ad
174 1906 306 2004 optima
325 1927 473 2003 quaeque
488 1905 752 2003 consequenda,
768 1904 858 1981 etad
870 1903 1039 1979 tuendam
1053 1890 1180 1978 huma-

111 2051 195 2104 nam
211 2027 431 2120 societatem,
445 2029 688 2121 accendimur,
703 2038 739 2103 et
752 2027 916 2127 epicurea
931 2027 995 2101 ista
1008 2037 1180 2126 praecepta

111 2177 190 2252 quae
206 2176 307 2228 nosa
332 2154 483 2253 publicis
502 2155 678 2231 deterrent
703 2153 831 2246 rebus,
856 2165 890 2228 et
911 2153 1013 2228 nobis
1032 2153 1181 2226 suadent

110 2286 151 2349 ut
165 2275 287 2350 nescio
305 2275 434 2373 quibus
451 2275 488 2350 in
505 2275 657 2350 hortulis
675 2273 828 2349 molliter
853 2272 1077 2361 recubantes,
1101 2293 1181 2346 nos·

111 2424 181 2498 que
200 2401 277 2475 sine
294 2401 460 2478 rivalibus
483 2412 658 2493 amantes,
682 2402 855 2489 vivamus,
878 2399 978 2497 quasi
1004 2398 1079 2474 haec
1103 2422 1180 2474 vere

111 2524 329 2598 nominanda
348 2525 393 2599 sit
409 2525 493 2618 vita,
514 2548 621 2623 quarn
639 2524 706 2601 sibi
723 2524 787 2600 soli
810 2522 959 2622 quisque
975 2522 1079 2616 vivit,
1100 2523 1183 2600 alio·

112 2669 196 2723 rum
214 2645 362 2722 oblitust

161 2767 420 2857 Quamobrem,
447 2789 529 2843 cum
551 2767 736 2844 Lucretius
763 2769 893 2861 Carus,
916 2769 1060 2871 Epicuri
1078 2769 1182 2845 disci·

113 2889 219 2989 plinae
238 2886 414 2978 addictus,
432 2887 612 2985 egregium
625 2888 713 2964 illud
728 2891 848 2966 lecerit
862 2912 1002 2989 poema,
1021 2891 1116 2988 quod
1132 2889 1184 2964 De

112 3023 242 3088 acturo
259 3035 376 3087 rerum
393 3012 615 3103 inscribitur,
632 3015 746 3112 majus
765 3016 943 3111 quoddam
964 3026 998 3091 et
1014 3026 1183 3114 praestan-

113 3136 184 3210 tius
200 3158 309 3234 opus,
324 3136 353 3210 si
374 3158 411 3210 se
429 3136 586 3210 vertisset
603 3136 647 3209 ad
664 3137 814 3226 stoicoS,
835 3138 979 3212 tortasse
1006 3138 1184 3213 condidis-

114 3269 176 3333 set.
197 3258 309 3345 Quam
331 3258 425 3357 gravi
443 3269 478 3334 et
498 3257 729 3356 grandiloquo
755 3259 894 3335 dicendi
916 3282 1058 3355 genere,
1076 3283 1183 3356 quam

113 3385 234 3459 vividis
250 3383 512 3482 splendidisque
530 3383 707 3458 coloribus
725 3385 817 3459 banc
840 3406 918 3459 vere
933 3385 1103 3460 artificem
1121 3384 1183 3461 de-

116 3510 284 3608 pinxisset
296 3518 473 3599 naturam,
490 3532 569 3606 quae
581 3532 765 3606 nunquam
779 3509 910 3584 viribus
925 3510 1042 3584 deficit
1053 3521 1087 3584 et
1099 3534 1184 3608 quo-

99 3630 199 3705 'tidie
218 3652 304 3705 nova
319 3629 464 3703 luminis
483 3629 519 3702 in
533 3652 610 3705 oras
624 3630 805 3729 profundit
822 3618 1031 3705 animantia!
1047 3632 1183 3718 Quanto

117 3777 199 3828 curn
224 3752 357 3848 fulgore
386 3751 485 3826 stoici
510 3751 605 3825 illius
631 3752 797 3851 sapientis
825 3753 1031 3849 imaginem,
1051 3753 1184 3828 ultimae

115 3875 322 3950 tradendam
349 3872 562 3970 posteritati,
590 3873 703 3948 aureis
731 3874 948 3949 carminibus
977 3874 1183 3964 effinxisset,

116 4021 156 4073 ao
170 4019 286 4072 mares
304 3995 547 4072 Romanorum
564 3995 701 4071 animos
716 3996 867 4071 acuisset
880 3997 923 4071 ad
939 3997 1099 4093 antiquas
1117 3997 1185 4071 vir·

117 4132 208 4197 tutes
223 4120 438 4196 renovandus
454 4119 545 4200 etad
564 4119 737 4195 civitatem
753 4119 971 4195 condendam
986 4143 1024 4194 re
1038 4143 1182 4196 romana

118 4244 357 4349 Capitolioque
375 4244 563 4346 majorem!
588 4243 731 4322 Divinus
757 4243 850 4324 eninr
870 4243 926 4320 ille
949 4254 1061 4336 vates,
1089 4267 1183 4324 seve·
1242 4321 1246 4326 .
