3002 5084
795 551 867 628 138

302 705 406 783 traria
425 716 508 782 sont
522 703 656 783 Horatii
675 715 754 780 nota
774 705 817 781 de
831 704 968 781 Achille
981 704 1100 781 verba:
1119 704 1175 781 nil
1185 727 1255 782 ooo
1272 729 1375 782 arro·

299 841 357 929 ρει
374 830 519 908 ormis¹.
576 909 580 920 „

349 952 435 1028 Tota
465 973 565 1027 mens
598 949 738 1025 Catonis
769 959 804 1024 et
832 947 1001 1024 indomita
1032 947 1082 1022 vis
1115 947 1224 1023 animi
1254 949 1373 1026 multo

301 1077 406 1155 etiam
430 1076 577 1152 vividius
602 1075 786 1151 exhibetur
809 1075 965 1150 oratione
982 1096 1089 1172 quam
1114 1073 1172 1149 ille
1198 1074 1250 1147 vir
1274 1075 1372 1174 apud

301 1203 430 1278 milites
449 1201 572 1293 habet,
586 1200 750 1300 jamjam,
763 1199 931 1298 Pompeio
950 1208 1110 1290 mortuo,
1129 1221 1147 1274 e
1163 1200 1285 1276 castris
1301 1201 1374 1276 dis-

302 1346 480 1414 cessuros,
500 1323 599 1421 quasi
611 1345 675 1420 pro
693 1319 837 1396 bomine
855 1319 1039 1420 quopiam,
1055 1341 1127 1395 non
1142 1330 1289 1420 prototo
1309 1322 1374 1397 ho·

301 1447 439 1521 minum
458 1468 585 1544 genere
602 1443 858 1542 pugnavissent.
884 1443 1048 1518 Lucanus
1065 1452 1162 1519 tanto
1186 1443 1258 1519 viro
1282 1467 1369 1520 con-

302 1570 439 1644 cionem
471 1567 609 1657 tribuit,
642 1567 699 1642 cui
728 1589 794 1642 nec
822 1566 915 1665 apud
941 1565 1153 1658 Homerum,
1180 1589 1246 1642 nec
1273 1569 1371 1668 apud

300 1688 505 1787 Virgilium,
523 1710 589 1762 nec
606 1688 701 1785 apud
721 1697 870 1800 poetam
893 1687 1023 1778 ullum,
1044 1689 1104 1786 qui
1128 1701 1228 1764 antea
1245 1691 1368 1783 luerit,

301 1813 494 1910 quidquam
520 1809 633 1885 simile
651 1811 861 1908 reperiatur,
886 1821 920 1886 et
940 1812 1129 1886 sententias
1151 1835 1218 1888 aare
1240 1836 1369 1912 peren·

301 1933 416 2007 niores
439 1930 596 2006 versibus
621 1929 801 2006 concludit
826 1951 914 2029 quos
940 1930 1037 2005 nulla
1064 1954 1222 2030 unquam
1250 1934 1368 2010 delere

301 2057 428 2156 poterit
443 2067 607 2132 vetustas.
626 2054 750 2130 Omnia
763 2076 869 2146 nova,
887 2054 1147 2153 philosophica,
1162 2056 1366 2154 splendida:

404 2255 475 2326 tngo
488 2253 547 2324 pari
563 2257 626 2310 voto
639 2251 753 2324 gessisti
766 2251 851 2323 bella,
863 2253 1009 2324 juventus,
1042 2267 1046 2273 ·

405 2351 446 2407 Tu
459 2363 569 2421 quoque
583 2362 633 2420 pro
647 2349 778 2420 dominis3
796 2353 824 2404 et
836 2349 1001 2419 Pompeiana
1015 2347 1108 2421 inisti,

405 2445 465 2505 Non
478 2458 590 2502 romana
601 2443 721 2502 manus?
734 2444 812 2514 Quod
827 2456 881 2500 non
895 2445 923 2500 in
937 2457 1022 2514 regna
1035 2444 1162 2516 laboras,

404 2538 483 2608 Quod
499 2539 566 2608 tini,
577 2552 631 2595 non
646 2538 779 2610 ducibus,
793 2537 877 2609 vivis,
891 2538 1078 2611 morerisque;
1092 2539 1166 2610 quod
1181 2540 1275 2599 orbern

403 2632 532 2703 Adquiris
545 2633 626 2703 nulli,
640 2633 715 2703 quod
724 2635 781 2710 jam
796 2632 846 2688 tibi
858 2632 970 2689 vincere
983 2637 1073 2690 tutum
1086 2639 1146 2704 est;

403 2725 478 2783 Bella
489 2723 576 2797 iugis,
589 2725 746 2796 quaerisque
755 2726 869 2798 jugum,
883 2725 989 2783 cervice
1003 2731 1132 2801 vacante,

404 2821 438 2877 lit
450 2821 543 2876 nescis
555 2820 615 2876 sine
628 2833 692 2891 rege
706 2819 776 2890 pati!
787 2861 1115 2879 ........

405 2917 428 2974 0
441 2915 535 2973 famuli
549 2921 661 2986 tumes,
676 2916 779 2972 domini
793 2921 856 2987 post
868 2915 926 2974 iata
938 2916 1053 2989 prioris,

403 3011 453 3070 Itis
466 3012 502 3069 ad
514 3012 649 3069 haeredem
660 3008 678 3066 ².
718 3054 724 3068 .
764 3025 783 3068 .·
811 3053 1049 3070 ......

336 3179 412 3259 'Hic
437 3207 516 3260 vere
539 3184 690 3260 liberum
716 3203 867 3280 agnosco
895 3181 1026 3271 virum,
1051 3190 1086 3255 cl
1113 3180 1214 3279 quus
1233 3202 1361 3256 nomen

297 3329 368 3380 non
387 3306 543 3380 bominis
568 3305 771 3405 cujuslibet,
789 3304 850 3380 scd
863 3304 938 3403 jam
964 3303 1074 3401 ipsius
1091 3303 1277 3378 Libertatis
1300 3327 1362 3379 no·

296 3453 379 3503 men
400 3451 475 3504 esso
491 3429 666 3518 videatur,
686 3451 791 3527 quern
809 3427 948 3502 Marcus
970 3426 1105 3502 Tullius
1132 3427 1223 3501 mori
1246 3427 1361 3526 potius

297 3552 458 3627 debuisse
477 3552 583 3640 dixit,
598 3574 705 3648 quam
719 3551 856 3649 tyranni
874 3550 1009 3624 vultum
1028 3550 1207 3648 adspicere
1221 3551 1246 3624 ³.

180 3731 184 3740 -
302 3734 305 3740 .
345 3677 381 3753 si
397 3701 413 3751 a
430 3676 587 3776 personis
607 3700 693 3774 quas
709 3676 745 3750 in
764 3699 905 3759 scenam
920 3676 1056 3750 induxit
1069 3677 1252 3765 LucauuS,
1266 3677 1309 3750 ad
1323 3698 1360 3749 ea

297 3821 375 3896 quae
390 3798 432 3872 de
446 3796 570 3871 divinis
584 3808 618 3871 et
635 3795 801 3871 humanis
816 3795 920 3872 rebus
939 3797 1013 3894 ipse
1026 3797 1187 3887 senserit,
1206 3787 1368 3872 nostram

333 4046 469 4146 *rtafs.‚
489 4076 507 4131 x.
521 4077 569 4147 xx,
585 4091 610 4134 v.
625 4081 686 4134 roo.

308 4211 311 4216 -
332 4170 472 4243 2Piors.,
491 4171 509 4228 l.
523 4173 570 4245 lx,
584 4188 607 4229 v.
623 4177 684 4232 256.

332 4262 412 4321 ³Cic.
431 4269 471 4320 De
486 4264 552 4336 Off,
567 4265 586 4322 l.
601 4266 625 4336 l,
639 4281 664 4322 c.
679 4269 722 4322 34.

375 4435 390 4478 ῑ
