3002 5084
637 521 708 596 idi

353 663 384 720 Ut
399 663 482 734 uyru
497 661 563 719 orba
577 663 683 732 gnatis,

341 759 441 842 ¹Cursu
455 758 561 816 serente
577 758 677 816 lustrat

354 855 532 926 Gangetteun
550 868 662 911 nemus:
678 853 718 912 ste

353 949 482 1003 &errare
496 949 586 1004 aerata
598 949 663 1004 tres

352 1045 463 1120 Medea,
474 1063 533 1104 non
545 1061 659 1104 amarer
668 1047 686 1103 ¹.

173 1185 248 1262 Hie
277 1186 350 1286 jam
375 1197 468 1262 totus
496 1189 603 1262 berno
629 1188 768 1286 elapsus
798 1195 867 1277 est,
892 1195 926 1262 et
951 1187 1021 1262 sota
1047 1199 1206 1287 superest

3 1365 5 1406 ,
122 1306 263 1384 bellua.
297 1309 366 1386 Ubi
393 1311 487 1386 enirn
512 1311 579 1385 sibi
604 1322 801 1407 temperare
825 1309 949 1406 aliquis
977 1309 1133 1400 desierit,
1157 1311 1204 1387 ibi

3 1409 5 1488 ἦ
121 1427 303 1507 humanae
325 1433 424 1525 nnis,
449 1433 612 1510 belluinae
638 1433 778 1508 initium
805 1433 891 1508 vitae.
925 1434 1045 1533 ltaque
1067 1435 1205 1512 Marcus
1280 1439 1286 1446 '

121 1553 291 1647 TulliuS,
310 1582 420 1656 quum
434 1557 549 1634 Attico
567 1581 630 1634 suo
646 1557 852 1656 gratulatur,
870 1557 963 1655 quod
978 1559 1116 1656 gravius
1135 1585 1204 1636 non

123 1688 400 1752 commoveatur
424 1678 529 1753 rebus
558 1679 730 1766 adversis,
760 1679 828 1752 hoe
854 1677 903 1751 itii
934 1679 1009 1778 ejus
1029 1679 1207 1780 adjudicat

123 1798 253 1876 virtuti
275 1825 381 1899 quam
396 1802 554 1877 nominat
571 1803 827 1878 humanitatem
840 1803 865 1878 ².

177 1919 283 1995 Idem
305 1919 346 1995 de
364 1919 466 1997 Atreo
483 1922 645 2015 dixerim,
664 1923 723 2020 qui
744 1910 1004 2012 incredibilem,
1026 1945 1133 2019 quarn
1150 1946 1206 1997 ex-

128 2065 299 2140 promere
316 2043 464 2134 videtur,
482 2045 567 2120 adeo
587 2069 656 2121 non
676 2045 848 2145 expremit
864 2044 971 2120 animi
986 2045 1205 2134 firmitatem,

131 2172 168 2236 ut
199 2173 326 2239 eontra
362 2163 586 2262 cupidinibus
622 2165 793 2254 vincatur,
826 2187 1017 2262 earumque
1048 2165 1205 2263 rapiatur

128 2282 271 2386 impetu
286 2285 402 2384 potius
422 2309 527 2384 quarn
546 2287 739 2384 quidquam
757 2286 893 2384 rapiat:

297 2459 409 2529 Fateor,
425 2456 558 2515 tumultus
572 2461 684 2530 pectora
698 2457 830 2514 attonitus
844 2455 946 2528 quatit,

295 2551 462 2621 peritusque
477 2549 581 2608 aotatt:
593 2555 708 2623 raptor,
725 2554 752 2607 et
765 2563 833 2622 quo,
850 2549 959 2620 neseio,
1042 2599 1049 2612 ,

299 2644 352 2702 Sed
369 2647 475 2716 raptor
485 2643 505 2702 ³.

181 2785 262 2862 Non
297 2785 482 2863 hominum
514 2786 717 2884 dignitatern
747 2797 781 2862 et
813 2785 1071 2878 exceltentiam,
1107 2811 1204 2862 more

131 2908 343 2995 stoicorum,
363 2906 506 2982 metitur
524 2907 648 2980 virtute
659 2934 667 2998 ;
687 2907 747 2981 sed
765 2930 841 2997 eor,
860 2931 929 3005 quo
946 2907 1076 3005 majora
1093 2907 1205 2980 adrni-

130 3035 255 3103 serunt
272 3025 415 3115 seelera,
429 3046 468 3100 eo
488 3024 637 3122 majores
657 3023 868 3100 arbitratur:

240 3195 341 3256 Nescio
354 3195 420 3267 quid
435 3197 535 3267 natus,
550 3199 577 3252 et
593 3195 675 3252 solito
689 3194 819 3267 anplius,
925 3183 930 3196 ’

239 3285 381 3364 Supraque
394 3292 464 3349 dues
477 3291 562 3348 moris
574 3292 685 3349 humani
703 3292 795 3362 tinet,

240 3389 382 3460 Instatque
398 3387 483 3460 pigris
497 3387 622 3444 inanibus
637 3404 642 3440 ι
660 3386 732 3444 haud
747 3386 812 3458 quid
826 3385 862 3443 sit
876 3384 950 3454 seio,

241 3484 294 3544 Sed
307 3484 410 3556 grande
423 3485 552 3557 quiddam
566 3483 634 3544 estt

183 3629 258 3705 Hoe
277 3629 338 3704 tibi
356 3631 528 3722 eoneedo,
545 3631 637 3707 dieet
653 3631 796 3706 sortasse
814 3626 998 3727 quispiam.
1019 3627 1203 3727 Personae,

133 3776 220 3855 quas
238 3755 470 3848 nominavisti,
486 3757 592 3832 stoiea
606 3755 705 3853 quasi
716 3763 796 3828 nota
815 3775 1036 3850 nequaquam
1051 3750 1194 3848 signatae

172 3985 255 4045 ¹Seu.
271 3984 354 4060 Med,
368 4001 392 4044 v.
408 3989 469 4044 860.

172 4079 251 4140 'cie
265 4086 306 4137 De
317 4083 391 4150 Sea,
406 4095 467 4152 eap.
482 4085 507 4138 t.

170 4174 181 4219 ³
195 4177 258 4233 sen.
276 4173 396 4246 Tlayeat,
409 4189 434 4233 r.
450 4179 511 4234 att.

162 4272 182 4314 ·⁴
195 4272 274 4331 Idem
284 4317 291 4346 ,
303 4289 328 4332 v.
345 4280 406 4335 26&
