3042 5086
584 1027 730 1103 CAPUT
755 1028 812 1106 IV.

234 1217 282 1272 DE
300 1215 533 1271 Lluuutulutts
551 1217 699 1272 turritus
718 1219 761 1272 ΕΤ
779 1217 988 1272 PRAESERTIM
1005 1218 1051 1273 DE
1068 1217 1159 1272 ARTE

401 1338 551 1394 Potamon
565 1339 649 1404 QUID
667 1340 779 1395 srotut
799 1339 1001 1396 SENSERINT.

212 1571 510 1673 Philosophorum
536 1574 676 1650 familiae
700 1599 778 1675 quae
801 1577 838 1651 in
861 1599 1002 1652 summo
1025 1575 1124 1652 Bono
1148 1599 1231 1676 per·

169 1696 335 1794 quirendo
354 1695 505 1772 maxime
523 1708 722 1790 versentur,
741 1709 775 1775 et
789 1700 823 1774 in
840 1701 907 1775 vita
928 1699 1115 1774 hominum
1134 1700 1231 1774 ordi-

165 1817 280 1892 nanda
298 1819 527 1917 moribusque
545 1820 736 1896 formandis
752 1823 927 1920 praecipue
945 1822 1120 1920 laborant,
1131 1813 1233 1897 ‘arbi-

163 1941 248 2014 trari
275 1943 389 2016 solent
415 1965 496 2017 eum
515 1943 574 2040 qui
594 1943 710 2019 studet
732 1943 837 2019 rebus
865 1945 909 2019 ad
934 1942 991 2018 illa
1017 1943 1105 2018 nihil
1132 1967 1231 2042 spec-

163 2065 339 2155 tantibuS,
371 2077 509 2165 tempus
536 2077 570 2141 et
594 2090 735 2165 operam
766 2068 931 2165 perdere,
962 2075 1108 2163 atquea
1136 2075 1230 2164 recta
1336 2073 1341 2084 '

163 2190 311 2264 omnino
329 2190 490 2266 aberrare
507 2191 570 2265 via.
589 2191 693 2266 Nulla
718 2202 770 2266 est
788 2191 950 2276 scientia,
966 2189 1014 2264 eis
1040 2189 1069 2262 si
1088 2187 1230 2262 adhibe-

163 2327 221 2390 tur
237 2316 346 2405 fides,
361 2339 416 2389 ars
432 2325 484 2390 est
502 2315 613 2405 nulla,
632 2339 710 2412 quae
726 2316 769 2389 sit
783 2325 925 2413 propter
942 2336 977 2388 se
993 2313 1105 2411 ipsam
1124 2335 1229 2412 expe·

163 2435 290 2510 tenda:
310 2433 492 2534 disciplina
509 2434 624 2509 omnis
640 2434 798 2510 moribus
817 2433 1034 2534 subjicienda
1052 2442 1113 2508 est.

211 2557 301 2632 Cum
323 2558 484 2633 homines
506 2557 590 2632 sexti
609 2558 735 2634 decimi
755 2557 873 2634 saeculi
897 2557 1123 2633 christianam
1146 2556 1230 2633 reli-

161 2677 302 2774 gionem
333 2678 376 2751 ad
406 2677 589 2776 pristinam
617 2677 832 2753 severitatem
860 2700 1020 2753 revocare
1045 2676 1230 2753 voluerunt

162 2801 252 2899 (jure
271 2823 315 2874 an
335 2799 478 2898 injuria,
495 2799 583 2874 nihil
608 2800 650 2873 ad
669 2801 772 2898 rem),
791 2799 1061 2874 humanioribus
1086 2797 1228 2890 litteriS,

161 2923 283 3020 paucis
300 2922 344 2997 ab
372 2922 473 2998 annis
501 2922 689 3012 restitutis,
719 2922 910 3020 saepissime
927 2921 1143 2996 indixerunt·
1154 2919 1228 2994 bel·

163 3042 254 3132 lum,
274 3043 354 3139 quia
370 3044 424 3117 hae
440 3051 590 3132 mentm,
604 3042 810 3140 eloquentiae
827 3053 862 3116 et
879 3063 1022 3140 poeseos
1040 3039 1226 3115 dulcedine

161 3164 312 3254 illectas,
331 3164 373 3239 ab
391 3186 463 3239 uno
485 3174 519 3239 et
545 3187 624 3238 vero
652 3164 728 3236 vitae
754 3163 931 3262 proposito
959 3171 1109 3236 avertere
1132 3162 1227 3236 vide-

161 3285 300 3360 bantur.
327 3284 417 3371 Quid
441 3286 536 3384 quod
558 3283 750 3359 doctissimi
777 3283 905 3358 Portus
931 3279 1055 3378 regalis
1082 3280 1226 3372 incolae,

162 3409 341 3506 iidemque
371 3408 490 3506 rigidae
518 3405 726 3482 innocentiae
758 3405 842 3494 viri,
871 3426 953 3479 cum
979 3403 1226 3500 geometriam,

165 3532 416 3607 astronomiam
452 3531 606 3629 aliasque
647 3529 861 3606 naturalium
904 3551 1022 3603 rerum
1063 3526 1227 3602 scientias

161 3655 259 3752 parvi
282 3677 356 3730 esse
374 3655 543 3730 momenti
561 3653 823 3749 existimabant,
846 3674 1038 3750 earumque
1057 3650 1226 3747 cognitio=

163 3802 245 3855 nem
261 3779 417 3852 futuram
431 3779 474 3853 ad
489 3778 594 3852 vitam
608 3777 740 3851 differri
753 3797 851 3873 aequo
866 3775 983 3848 animo
996 3772 1225 3860 sustinebant,

162 3912 239 3974 turn
269 3900 393 3975 litteris
421 3900 532 3975 multo
563 3899 667 3974 etiam
693 3899 900 3996 iniquiores,
930 3908 1068 3996 poetas,
1098 3917 1226 3990 eosque

144 4022 366 4118 praeclarae,
391 4033 506 4121 aperte
534 4021 763 4097 nominabant
779 4020 975 4095 veneticos?
999 4017 1087 4104 Quid
1115 4017 1225 4115 quod,

164 4144 294 4219 saeculo
309 4156 490 4243 sequente,
507 4144 714 4220 Genevensis
729 4143 974 4243 philosophae,
989 4143 1049 4239 qui
1064 4141 1118 4215 sui
1137 4152 1226 4215 tem-

165 4267 258 4363 poris
274 4290 389 4341 mores
406 4268 439 4340 in
460 4268 641 4344 mollitiem
657 4267 771 4366 lapsos
789 4266 916 4341 acriter
930 4264 1124 4364 castigavit,
1143 4263 1224 4339 effe-
