3042 5086
799 500 848 574 lO

294 645 386 718 inter
407 655 535 737 artem,
553 667 631 742 quae
649 646 737 721 nihil
757 648 861 724 habet
879 648 1057 746 antiquins
1084 671 1191 746 quam
1210 649 1358 746 pulchra
1444 713 1448 718 .

294 770 456 866 effingere
475 769 643 858 dicendo,
661 780 694 843 et
712 772 911 863 scientiam,
928 793 1005 869 quae
1025 793 1104 845 vera
1124 772 1358 869 perquirenda

291 889 474 986 cogitando
489 888 555 963 sibi
572 891 744 987 proponit.

339 1010 456 1101 Plato,
482 1011 542 1107 qui
569 1011 739 1086 maledico
768 1013 870 1087 dente
896 1034 987 1110 saepe
1012 1013 1124 1111 carpit
1147 1023 1283 1111 poetae,
1308 1014 1358 1089 eis

291 1133 432 1232 pulchri
459 1134 627 1233 speciem,
647 1135 682 1208 in
701 1135 819 1209 animo
846 1135 1075 1225 insidentem,
1094 1136 1357 1234 exprimendam

294 1260 408 1335 modis
436 1283 477 1334 ac
495 1259 652 1335 numeris
677 1260 838 1357 assignat,
865 1258 941 1344 Quo
968 1271 1127 1348 auctore,
1155 1259 1266 1333 infimi
1284 1281 1357 1332 nnn

291 1383 407 1459 solnm
434 1393 567 1483 pnetae,
598 1364 660 1457 sed
693 1383 797 1458 etiam
827 1383 981 1458 hominis
1014 1393 1085 1472 est,
1112 1381 1356 1456 tantummodo

291 1501 438 1600 pulchra
460 1502 626 1576 admirari
649 1524 805 1601 corpora.
833 1502 1004 1576 Pulchras
1030 1501 1183 1588 animas,
1209 1500 1357 1597 pulchra

287 1625 463 1715 facinora,
481 1624 629 1723 pulchra
644 1625 799 1700 instituta
816 1648 857 1699 ac
869 1634 1042 1724 praecepta
1058 1623 1175 1697 studio
1194 1622 1358 1720 amplecti

284 1745 359 1844 jam
373 1745 504 1842 aliquid
520 1745 625 1820 habet
639 1745 792 1820 nobilius
802 1754 836 1818 et
848 1742 1028 1818 excelsius.
1043 1742 1110 1817 Sed
1124 1764 1200 1817 eam
1216 1743 1355 1840 pulchri

287 1868 456 1957 sormam,
474 1891 553 1964 qnae
571 1889 684 1963 neque
702 1866 832 1956 oculis,
853 1888 967 1963 neque
983 1865 1127 1939 auribus
1143 1865 1275 1963 percipi
1294 1887 1356 1963 po-

288 1999 371 2078 test,
389 2000 507 2087 etqua
527 1989 614 2062 nihil
632 1988 816 2087 pulchrius
840 1989 1026 2085 quisquam
1044 2010 1202 2085 unquam
1226 1987 1358 2061 invenit
1480 2057 1482 2062 .

292 2122 352 2187 aut
380 2111 600 2209 excogitavit,
630 2111 830 2186 incredibili
860 2110 1014 2209 quodam
1046 2134 1163 2185 amore
1193 2110 1356 2208 persequi

292 2232 461 2307 debemus
493 2235 594 2329 eique
612 2242 696 2306 ¹tcto
726 2232 844 2305 animo
877 2231 1125 2305 adhaerescere.
1165 2228 1254 2304 Cum
1282 2230 1357 2304 haec

290 2354 429 2451 pulchri
447 2355 556 2429 lorma
576 2378 616 2430 ac
639 2356 738 2453 quasi
757 2357 877 2448 iacies,
902 2379 972 2431 non
997 2354 1110 2429 solum
1129 2354 1174 2427 sit
1198 2353 1356 2450 cognita,

290 2476 473 2550 sedetiam
501 2476 644 2567 dilecta,
671 2490 705 2553 et
731 2491 846 2552 tantos
873 2501 1011 2553 amores
1037 2477 1162 2552 excitet
1179 2476 1249 2564 sui,
1270 2476 1355 2574 quid

286 2605 339 2670 est
353 2618 416 2669 cur
431 2606 568 2670 tantum
588 2620 605 2670 3
625 2597 858 2695 pbilosophis,
878 2620 1031 2672 verume
1049 2596 1135 2670 salso
1155 2595 1354 2693 dijudican-

288 2720 403 2809 tibus,
422 2719 625 2809 definiatur,
644 2743 708 2795 nec
722 2719 940 2795 describatur
955 2741 1093 2817 qunque
1109 2742 1125 2792 3
1142 2718 1278 2792 vatibus
1295 2717 1354 2813 qui

288 2861 475 2936 generosos
492 2838 599 2912 animi
623 2830 739 2914 mntus
762 2840 875 2914 verbis
894 2839 1015 2915 efferre
1033 2840 1167 2914 solent?
1184 2840 1254 2929 lta,
1273 2860 1356 2912 cum

289 2959 509 3059 philosophis
539 2971 572 3034 et
601 2960 710 3058 poetis
740 2960 834 3034 idem
852 2962 922 3035 sere
947 2960 992 3034 sit
1014 2961 1255 3059 propositum,
1285 2981 1355 3032 nnn

289 3083 538 3190 tantumjnter
555 3106 632 3171 eos,
652 3094 825 3181 quantum
839 3084 1061 3183 perhibetur,
1079 3083 1306 3159 disconvenit.

340 3203 438 3277 Ilicet
456 3204 601 3278 sortasse
617 3205 791 3302 quispiam
810 3205 986 3295 carmina,
1010 3205 1065 3280 his
1086 3205 1128 3281 de
1151 3205 1256 3280 rebus
1273 3225 1356 3278 con·

292 3320 382 3410 dita,
405 3321 483 3396 ideo
508 3323 653 3420 pulchra
678 3345 749 3396 nnn
767 3325 858 3414 lore,
881 3325 980 3421 quia,
1003 3326 1140 3398 tametsi
1158 3324 1279 3422 paucis
1297 3324 1357 3395 hn-

292 3442 449 3517 minibus
468 3455 641 3518 emunctae
665 3445 758 3518 naris
782 3457 816 3518 et
841 3447 1028 3521 reconditae
1047 3446 1214 3522 doctrinae
1231 3446 1357 3543 proba-

293 3577 435 3656 rentur,
454 3589 493 3642 ea
510 3568 633 3664 vulgus
648 3568 768 3664 iniquo
787 3570 960 3668 acciperet
983 3570 1116 3660 animo,
1134 3570 1262 3669 qnippe
1280 3591 1357 3667 quae

290 3690 327 3762 in
343 3689 418 3786 ejus
435 3690 700 3786 intelligentiam
714 3691 766 3764 vix
785 3693 959 3766 caderent.
979 3692 1022 3770 m
1036 3692 1224 3791 pulchrum
1244 3692 1358 3790 majus

294 3823 346 3884 est
364 3822 399 3885 et
417 3811 603 3885 sublimius
622 3835 726 3909 quam
750 3824 788 3887 ut
811 3814 954 3889 arbitrio
973 3814 1106 3918 stplidae
1123 3814 1358 3889 multitudinis

293 3934 339 4006 sit
365 3932 576 4025 obnoxium3
602 3935 766 4032 quodque
793 3936 836 4010 de
863 3935 1009 4012 honesto
1033 3937 1118 4012 dicit
1140 3935 1295 4011 'Pullius'
1324 3934 1359 4008 id

327 4222 335 4259 ¹
355 4225 395 4278 Dc
410 4222 533 4294 Officiis,
546 4223 564 4279 l.
580 4224 607 4294 l,
621 4237 645 4280 c.
659 4225 684 4279 t.
