3002 5084
793 555 865 634 titt

347 693 394 766 Ex
414 693 467 768 bis
485 697 650 773 omnibus
669 714 822 794 constet,
837 705 932 801 quod
943 706 1017 804 jann
1036 706 1079 781 ab
1097 705 1205 782 initio
1223 715 1375 783 conten-
1477 803 1478 806 g

296 813 429 907 dimus,
448 829 628 897 auctorem
642 833 820 918 nostrum,
835 839 941 926 prout
957 849 1193 927 personarum
1215 840 1279 904 aut
1297 853 1374 905 mo-

297 959 352 1014 res
372 952 434 1017 aut
452 943 542 1020 diota
564 947 773 1041 attenderis,
801 961 861 1027 aul
885 975 1109 1052 nequaquam
1131 965 1199 1031 aut
1223 954 1372 1031 omnino

295 1063 445 1144 stoicum
457 1067 538 1168 jure
552 1070 621 1150 dici
636 1094 748 1174 posse.

695 1425 841 1504 CAPUT
865 1427 954 1505 XIX.

509 1589 556 1648 ou
575 1588 714 1647 uuutuo
731 1591 930 1650 suorconuu
944 1593 1141 1651 orscnuuo.

342 1813 484 1888 Senecae
506 1823 541 1887 et
562 1812 697 1888 Lucani
715 1813 893 1889 scribendi
921 1837 1032 1911 genus
1057 1815 1320 1908 consideranti,
1337 1825 1370 1891 el

294 1932 470 2030 quomodo
488 1955 529 2008 ac
547 1941 720 2030 quatenus
736 1933 772 2007 bi
792 1933 862 2008 duo
877 1944 988 2032 poetae
1011 1935 1111 2011 stoici
1137 1937 1274 2012 luerint
1294 1958 1370 2010 me·

294 2079 377 2132 cum
392 2056 590 2155 reputanti,
612 2055 818 2132 incredibile
838 2066 891 2132 est
914 2067 1042 2154 quanta
1071 2059 1162 2134 inter
1185 2083 1250 2138 eos
1270 2061 1369 2136 simi-

295 2177 405 2254 litudo
420 2201 497 2255 esse
525 2179 691 2254 videatur.
713 2179 867 2278 Uterque
882 2181 995 2272 enim,
1011 2205 1094 2258 cum
1112 2206 1278 2283 personae
1294 2183 1367 2259 cui-

294 2325 362 2400 que
379 2302 504 2380 tribuit
516 2303 799 2404 impotentiorem
817 2328 924 2402 quam
942 2305 1133 2404 aequiorem
1155 2308 1320 2384 animum
1334 2315 1367 2382 et

295 2423 477 2498 rhetorum
496 2425 654 2500 officinas
672 2425 788 2524 potius
812 2449 918 2523 quam
944 2427 1136 2502 stoicorum
1154 2429 1299 2505 scholas
1316 2449 1366 2502 re·

295 2543 488 2634 dolentem,
508 2546 713 2621 eorumdem
732 2547 924 2622 stoicorum
947 2557 1065 2622 tamen
1083 2549 1240 2650 insignes
1259 2571 1364 2648 quos·

296 2667 377 2742 dam
392 2669 573 2767 usurpavit
589 2670 704 2760 locos,
728 2670 790 2766 qui
811 2681 931 2746 utrum
950 2671 1061 2769 magis
1079 2695 1198 2748 versus
1216 2693 1364 2749 exorna-

295 2789 424 2879 verint,
449 2813 494 2864 an
519 2789 676 2865 versibus
707 2791 862 2866 exornati
890 2792 1021 2867 luerint
1049 2792 1222 2870 incertum
1252 2799 1363 2870 estet

295 2913 529 3014 injudicatum
545 2912 716 3012 relinquo.

342 3037 434 3124 Quid
452 3038 545 3114 enim
563 3050 622 3113 aut
639 3037 808 3114 institutis
829 3035 1037 3127 stoicorum,
1056 3039 1117 3136 qui
1139 3061 1280 3139 semper
1298 3059 1361 3110 na·

296 3171 410 3235 turam
428 3149 554 3237 ducem
571 3161 764 3251 habebant,
787 3159 984 3250 inimicius,
1003 3170 1063 3234 aut
1079 3163 1196 3237 locato
1222 3156 1359 3238 dicendi

76 3273 79 3280 ’
186 3331 188 3338 ,
296 3283 431 3378 generi,
448 3305 518 3380 quo
540 3282 696 3358 rhetores
720 3281 771 3356 uti
786 3281 963 3370 solebant,
981 3281 1232 3380 propinquius,
1255 3301 1359 3380 quam

297 3403 390 3499 quod
418 3400 564 3495 Marius,
591 3413 732 3502 auctore
759 3401 924 3493 Lucano,
942 3425 1005 3478 sua
1028 3403 1127 3500 signa
1150 3403 1238 3478 nulli
1265 3424 1361 3479 com·

297 3522 410 3613 misit,
437 3523 494 3619 qui
521 3523 596 3620 jam
624 3524 815 3598 sceleribus
846 3544 917 3597 non
947 3532 1038 3598 esset
1064 3524 1242 3599 famosus?
1268 3520 1359 3611 Quid

297 3645 391 3744 quod
407 3647 521 3742 ipsum
536 3645 722 3737 Caesarem,
742 3648 859 3722 minus
875 3657 969 3722 certe
984 3647 1117 3747 impetu
1136 3659 1170 3721 et
1183 3649 1233 3722 ira
1253 3667 1358 3746 quam

298 3767 443 3843 consilio
461 3779 495 3844 et
513 3769 645 3844 ratione
664 3770 769 3844 rebus
787 3770 948 3867 gerendis
963 3780 1158 3862 assuetum,
1174 3771 1266 3846 idern
1285 3771 1356 3845 Lu·

299 3916 408 3970 canus
426 3893 511 3968 dixit
528 3893 564 3968 in
586 3917 662 3968 eam
681 3895 863 3971 elleratum
881 3895 988 3971 luisse
1006 3896 1157 3984 rabiem,
1174 3905 1229 3985 ut,
1248 3895 1358 3969 honri·

296 4013 360 4090 bili
376 4013 503 4090 civium
517 4014 608 4090 edite
627 4027 756 4111 strage,
782 4037 887 4113 quam
908 4015 978 4091 ulla
997 4015 1072 4091 sine
1087 4037 1224 4113 pugna,
1242 4033 1356 4090 rerum

299 4139 403 4238 potiri
420 4138 608 4214 maluerit?

348 4261 437 4338 Cum
455 4271 591 4352 autern,
614 4285 683 4338 non
702 4261 738 4336 in
762 4262 878 4361 pejus,
894 4261 954 4337 sed
979 4261 1014 4335 in
1040 4261 1166 4338 melius
1188 4283 1244 4338 res
1258 4265 1358 4360 auget
