3002 5084
649 549 720 624 133

140 751 148 764 ,
181 689 312 768 Medea
332 692 406 768 ista
430 717 525 791 quac,
544 717 654 794 quum
681 695 812 772 scelere
830 695 944 774 scelus
961 696 1034 793 jam
1053 696 1215 771 cumula-

8 840 11 859 ·
132 811 258 903 visset,
274 814 476 890 novissime
493 838 575 892 suos
598 816 708 915 ipsius
735 816 919 892 trucidavit
942 826 1058 906 natos,
1076 814 1216 914 Tynda·

134 931 220 1006 ridae
239 956 319 1008 non
341 935 525 1026 coneedit,
549 948 584 1012 et
605 937 647 1013 de
664 937 808 1035 justitiae
825 949 859 1012 et
876 935 1099 1032 benignitatis
1115 933 1217 1010 laude

134 1053 249 1129 multa
265 1077 477 1154 magnaque
495 1057 680 1156 praedicat:

286 1214 348 1284 Qui
362 1214 459 1272 statuit
471 1213 574 1287 aliquid
589 1220 666 1288 parte
679 1217 801 1275 inaudita
814 1217 919 1290 altera,

286 1311 415 1380 AEquum
429 1308 495 1367 lieet
508 1309 648 1376 statuerit
663 1309 735 1366 baud
749 1323 846 1381 aequus
858 1309 942 1368 lult'.

345 1445 629 1463 .......
649 1407 707 1464 Hoc
721 1420 801 1477 reges
815 1407 930 1464 babent

287 1499 471 1570 Magnificum
484 1499 636 1572 mingens,
652 1500 727 1556 nulla
743 1499 816 1571 quod
830 1498 918 1571 rapiat
931 1499 1004 1572 dies,

290 1594 432 1652 Prodesse
445 1595 568 1667 miscus,
586 1596 726 1668 suppllces
739 1595 793 1653 ddn
807 1595 863 1654 lare

292 1688 465 1763 Protogene*
469 1731 475 1746 .

188 1823 276 1922 Ipsa
296 1826 459 1900 Pbaedrae
478 1825 612 1916 nutrix,
632 1849 724 1923 quae,
742 1825 894 1902 dominae
912 1825 1048 1902 libidini
1069 1826 1220 1923 turpiter

140 1969 290 2024 morem
313 1971 458 2045 gerens,
484 1948 710 2048 Hippolytum
736 1948 1014 2046 corruptelarum
1043 1946 1218 2022 illecebris

138 2065 288 2144 irretire
310 2079 434 2144 conata
449 2081 516 2160 est,
534 2092 706 2166 eumque,
726 2069 800 2142 salsi
823 2068 981 2143 criminis
996 2076 1219 2156 accusatum,

140 2216 226 2269 mox
242 2196 283 2270 in
306 2194 449 2269 exitium
464 2196 583 2284 traxit,
602 2218 684 2270 cum
700 2194 817 2290 regina
845 2192 900 2268 illa
927 2192 969 2268 de
997 2194 1219 2270 conscientia

140 2316 309 2394 stimulis
324 2339 522 2394 sermonem
541 2319 664 2408 babet,
679 2341 790 2415 quum
816 2318 859 2393 ab
884 2319 980 2392 omni
999 2317 1136 2393 nutrice
1153 2318 1221 2391 mi-

141 2459 246 2528 rum,
267 2453 347 2512 tum
366 2437 409 2512 ab
427 2461 466 2512 ea
485 2438 633 2513 maxime
650 2461 757 2535 quam
775 2438 818 2512 ab
836 2439 899 2513 ista
919 2439 1068 2536 pessima
1088 2437 1212 2534 agendi

143 2558 291 2633 ratione
309 2558 403 2633 nulla
419 2559 581 2656 probibet
598 2559 738 2656 religio:

261 2713 334 2784 Quid
348 2728 428 2786 poena
442 2729 577 2788 presens,
591 2715 769 2774 conscientiae
780 2715 881 2774 mentis
894 2729 994 2789 pavor,

262 2809 430 2880 Animosque
442 2810 523 2881 culpa
537 2811 650 2882 plenus,
664 2817 692 2868 et
707 2818 794 2870 semet
807 2809 925 2870 timens?

264 2904 360 2964 Scelus
372 2907 464 2978 aliqua
477 2910 580 2979 tutum,
595 2908 672 2965 nulla
685 2921 811 2966 securum
826 2910 890 2966 tulit
899 2907 916 2966 ⁸.

198 3040 315 3115 Paulo
332 3040 449 3112 minus
471 3037 600 3112 absone
624 3037 779 3127 Chorus,
796 3037 883 3111 dnm
900 3059 940 3111 ea
966 3036 1061 3112 cauit
1085 3033 1214 3131 quibus

118 3247 120 3252 .
148 3161 332 3262 Hispanus
348 3173 446 3259 poeta
460 3160 674 3250 Amerinam,
692 3171 787 3234 tauto
806 3171 883 3258 post
898 3182 916 3234 a
932 3160 1005 3234 suis
1020 3159 1217 3246 inventam,

151 3288 255 3385 quasi
271 3285 481 3385 praenuntiat
495 3293 529 3359 et
545 3283 774 3359 vaticinatur:

303 3481 533 3501 ......
550 3440 760 3499 venientaunis
794 3495 798 3504 ,

301 3538 407 3597 Secula
420 3537 504 3608 sens,
521 3535 622 3608 quibus
634 3537 761 3594 Oceanus

300 3633 416 3694 Vincula
430 3647 521 3691 rerum
536 3635 624 3704 laxet,
638 3639 666 3690 et
680 3633 779 3705 iugens

301 3730 396 3786 Pateat
408 3726 505 3798 tellus,
521 3727 676 3800 Tiphysquc
693 3739 779 3785 noros

301 3827 416 3897 Detegat
426 3827 520 3896 orbes;
534 3840 585 3884 nec
598 3826 635 3883 sit
647 3825 728 3882 terris
741 3824 837 3883 ultima
850 3824 966 3882 ruunt

194 4036 203 4074 ¹
218 4033 303 4106 Med,
316 4047 342 4092 v.
356 4039 418 4094 499.

194 4117 303 4188 ¹Med,
316 4133 342 4176 v.
357 4123 419 4179 222.

197 4201 206 4231 ³
220 4205 317 4274 Htpp„
331 4214 356 4258 v.
373 4206 434 4260 tol.

194 4284 206 4322 ⁴
221 4285 308 4357 Med„
320 4298 344 4342 v.
361 4287 423 4346 ³74.
