3002 5084
643 517 715 592 lui

139 671 285 737 constat
302 684 396 737 curae
411 663 596 762 praecipuae
613 664 731 739 stoicis
749 685 865 738 servos
883 662 999 738 luisse.
1017 662 1096 738 Non
1115 663 1214 738 aliter

137 784 322 862 iuvenalis
341 785 513 883 loquitur3
534 787 600 861 nisi
618 787 713 884 quod
738 785 873 884 primus
890 807 1011 860 versus
1029 807 1155 884 parum
1180 795 1215 859 et

138 907 284 984 videtur
298 919 333 982 et
346 919 398 983 est
411 907 560 984 stoicus:

252 1086 347 1145 Mitem
360 1086 493 1158 animum,
506 1089 535 1143 et
550 1098 641 1143 moras
657 1084 773 1143 modieis
787 1083 928 1141 erroribus
941 1096 1036 1154 anuos

252 1181 394 1255 Praecipit,
408 1187 490 1254 atquc
503 1183 610 1239 animos
622 1195 763 1239 seruorum
777 1186 805 1237 et
818 1195 935 1252 corpora
950 1187 1044 1238 nostra

253 1280 368 1338 Materia
382 1285 509 1339 constare
523 1285 602 1353 putat
614 1281 783 1353 paribusque
794 1279 958 1337 elementis?

252 1379 401 1437 insaevire
416 1381 497 1438 docet
513 1381 638 1452 Rutilus,
654 1381 701 1451 qui
714 1379 817 1452 gaudet
829 1379 929 1436 acerbo

252 1472 395 1545 Plagarum
412 1475 543 1546 strepitu,
557 1478 586 1531 et
600 1473 703 1531 nnllam
718 1474 814 1530 Sirena
826 1472 942 1544 flagellis

253 1567 412 1638 comparat,
427 1567 588 1638 Antiphates
601 1566 700 1638 trepidi
714 1565 834 1623 Larisae
848 1566 1044 1638 Polyphemus,

253 1657 321 1714 Tum
337 1657 416 1729 lelin,
433 1660 542 1730 quoties
555 1659 654 1730 aliquis
668 1663 773 1716 tortore
785 1663 884 1716 vocato

253 1749 346 1806 liritur
358 1750 464 1810 ardenti
477 1758 592 1822 propter
605 1745 759 1809 duo‘lintea
773 1749 846 1808 ferro
861 1749 890 1808 ¹?

509 2041 516 2056 ’
549 2089 696 2166 unruu
720 2089 807 2164 xvi.

441 2257 487 2312 lili
504 2257 629 2315 PERSIG
647 2255 761 2312 POETA
779 2256 912 2312 STOICO.

194 2426 245 2500 Eu
263 2426 428 2502 omnibus
455 2429 564 2526 poetis
587 2429 647 2525 qui
665 2429 797 2503 litteras
816 2451 979 2503 romanas
999 2429 1071 2526 jam
1093 2450 1212 2502 senes-

142 2556 264 2621 centes
279 2546 566 2639 nobilitaverunt,
586 2549 703 2624 nullus
718 2551 865 2625 Zenonis
884 2549 1051 2624 institutis
1069 2560 1103 2624 et
1121 2573 1210 2648 prac-

143 2671 255 2769 ceptis
269 2682 340 2745 tam
355 2672 421 2747 alte
435 2673 592 2748 imbutus
606 2674 670 2747 suit
683 2698 789 2771 quarn
801 2675 953 2749 Persius
970 2673 1081 2762 Quem
1097 2682 1210 2749 totum

143 2790 212 2864 sibi
227 2790 380 2866 vindicat
398 2792 563 2890 praeclara
582 2792 639 2867 illa
659 2795 948 2894 philosophorum
968 2795 1096 2870 familia
1118 2818 1211 2892 quae,

143 2914 311 2988 omuibus
337 2915 379 2988 ad
405 2916 606 2991 seruitutem
632 2919 834 3010 ruentibus,
863 2921 1014 3016 antiquae
1041 2918 1211 2993 libertatis

143 3036 279 3111 sortiter
297 3038 451 3136 suscepit
468 3038 722 3137 patrocinium,
741 3052 774 3115 et
791 3042 919 3116 saeculo
938 3064 1026 3133 pena
1049 3041 1211 3116 universo

144 3161 181 3236 in
201 3161 376 3235 luxuriam
398 3163 543 3254 iiueute,
569 3188 675 3262 puros
694 3175 797 3262 atque
820 3168 972 3262 integros
999 3186 1211 3240 mores‘ser·

145 3283 249 3372 ravit,
276 3292 378 3378 atquc
404 3283 525 3357 alicnis
550 3284 690 3380 flagitiis
715 3285 839 3358 maluit
865 3308 983 3360 carere
1009 3307 1114 3381 quam
1144 3286 1212 3376 uti,

145 3427 186 3479 eo
211 3399 469 3497 admirabilior,
493 3407 584 3503 quod
612 3407 706 3481 nulla
726 3409 795 3484 siue
817 3391 1060 3498 caducassiva
1084 3419 1211 3483 aeterna

145 3528 190 3604 ob
210 3530 368 3627 praemia,
388 3531 446 3605 sed
468 3531 572 3605 iunius
591 3514 707 3606 studio
724 3533 881 3622 virtutis,
905 3531 1068 3606 virtutem
1092 3532 1210 3607 coluit.
1250 3587 1254 3595 .

145 3650 193 3725 Ut
214 3651 321 3748 igitur
338 3652 465 3728 nobilis
484 3654 558 3728 haec
584 3654 714 3730 familia
741 3656 832 3729 inter
858 3678 939 3730 suos
959 3655 1155 3729 numeravit
1172 3666 1214 3729 ct

146 3793 281 3845 severos
300 3771 389 3846 intra
410 3772 558 3870 parietes
583 3773 669 3848 aluit
686 3775 876 3849 Thraseam
901 3787 1122 3862 senatorum,
1141 3772 1214 3847 Au-

146 3895 309 3969 lominum
332 3895 549 3993 principum,
577 3897 776 3996 Epictetum
804 3921 982 3973 servorum
1013 3897 1212 3996 specimen,

147 4024 181 4088 et
202 4015 362 4088 Tacitum
389 4015 506 4090 sortita
532 4027 583 4089 est
607 4019 743 4114 egregie
769 4019 940 4093 sactorum
966 4018 1210 4113 dictorumque
1252 4048 1254 4056 ,

184 4247 265 4314 ¹¹luv.
281 4259 353 4326 Sat,
367 4257 432 4329 xlv,
447 4273 472 4315 v.
487 4263 529 4316 lii.
