3042 5086
373 762 487 832 lamiam
500 759 610 833 legibus
623 759 734 818 obrutis

373 860 477 920 Mundo
490 875 552 920 cum
566 861 659 919 veniet
671 860 732 918 dies

374 953 509 1013 Australis
522 954 604 1025 polus
617 891 835 1118 obrem

374 1045 513 1118 Quidquid
526 1060 576 1118 per
590 1047 674 1118 Lybia
798 1089 806 1118 ,

374 1142 407 1202 m
419 1155 536 1214 sparsus
550 1143 683 1200 Garamas
699 1147 785 1200 tonet.

374 1240 442 1300 coeii
455 1242 532 1315 regia
544 1241 688 1312 concidet,

374 1337 471 1396 certos
485 1344 568 1409 atque
581 1338 674 1396 obitus
687 1339 792 1408 trahet,

373 1430 460 1502 mque
474 1442 570 1488 omnes
585 1432 689 1502 pariter
702 1432 776 1488 Deos

373 1523 472 1584 Perdet
485 1535 560 1582 mors
573 1523 666 1595 aliqua
680 1527 708 1582 at
721 1524 806 1582 chaos
817 1523 834 1582 ⁸.

209 1738 249 1812 in
276 1737 373 1812 illius
397 1739 564 1814 carminis
595 1763 707 1838 quum
737 1739 938 1832 sententiis,
968 1750 1045 1818 ium
1071 1740 1230 1818 numeris

160 1869 265 1956 atque
284 1857 398 1934 modis
426 1857 547 1960 plura,
565 1857 633 1934 nisi
660 1859 776 1950 fallor,
795 1860 948 1960 reperire
965 1869 1035 1953 esi,
1058 1882 1136 1959 quae
1154 1882 1230 1936 me·

160 1981 312 2057 moriam
331 1991 495 2057 revocent
508 1982 600 2058 sacri
613 1984 721 2083 hujus
736 1983 877 2082 hymni,
893 2005 962 2081 quo
977 1981 1134 2059 Ecclesia
1150 2006 1230 2082 per·
1302 2034 1306 2048 .

159 2113 268 2180 terrei
289 2104 448 2180 fidelium
472 2105 627 2197 animos,
651 2117 685 2180 et
711 2129 799 2204 quo,
816 2105 1017 2205 germanica
1038 2104 1075 2180 in
1094 2104 1230 2196 fabula,

160 2229 288 2329 puellae
304 2229 464 2306 nocentis
482 2252 584 2306 aures
602 2238 788 2305 resonant:

374 2476 439 2534 Dies
452 2477 514 2548 irae,
527 2475 588 2534 dies
602 2475 649 2533 ilia

373 2576 467 2634 Solvet
479 2575 591 2633 saeclum
604 2576 633 2633 in
647 2574 752 2645 favilla,

374 2669 457 2726 Teste
471 2668 559 2726 David
572 2683 634 2726 cum
648 2668 761 2741 sibylla.

208 2877 388 2955 Posterius
407 2887 525 2952 autom
543 2900 687 2953 carmen
713 2877 829 2978 priore
853 2877 941 2953 mihi
968 2878 1104 2953 videtur
1120 2877 1229 2954 subli-

160 2999 273 3089 mine,
297 2997 392 3096 quod
413 3006 552 3073 nostros
570 3007 651 3072 ante
676 2997 798 3072 oeulos
815 2998 915 3095 ponit
939 2998 1100 3102 homines
1124 2999 1228 3074 variis

107 3109 118 3132 ⁸
161 3119 343 3196 affectibus
371 3131 505 3211 motos,
531 3131 565 3196 et
591 3141 660 3193 non
688 3119 804 3192 solum
832 3128 1004 3208 moriem,
1030 3118 1092 3193 sed
1120 3118 1227 3194 etiam

160 3255 273 3320 morte
286 3244 397 3319 multo
409 3243 688 3320 formidolosiora
702 3243 883 3318 horrentes
897 3240 1086 3342 supplicia,
1100 3264 1226 3339 eaque,

162 3392 232 3443 non
251 3368 381 3464 alege,
400 3393 437 3444 re
455 3368 577 3460 surda,
596 3369 672 3443 sine
689 3366 805 3442 studio
823 3376 858 3442 et
874 3366 941 3456 ira,
956 3365 1017 3442 sed
1031 3365 1119 3444 irato
1134 3390 1153 3443 a
1167 3367 1227 3466 ju·

162 3495 238 3570 dice
253 3495 449 3592 irroganda.

198 3813 205 3851 ¹
220 3816 303 3870 Herc.
322 3815 433 3883 (Etrus,
445 3826 470 3868 v.
487 3816 566 3873 1400.
