3042 5086
753 496 800 570 35

241 659 399 734 unquam
417 638 468 712 vir
485 641 623 738 sapiens
641 641 701 737 qui
725 641 767 716 de
785 664 821 714 re
848 641 962 738 aliqua
991 665 1061 716 non
1092 642 1307 742 desipuerit?

241 760 275 835 ls
292 784 385 836 unus
403 761 498 837 haud
516 762 639 862 procul
657 786 677 838 a
694 774 789 839 recta
806 760 945 838 aberrat
962 763 1035 855 via,
1054 765 1114 861 qui
1134 788 1204 840 non
1230 788 1308 864 pro-

241 885 399 983 greditur
416 887 573 985 longius3
596 887 696 986 isque
718 911 812 964 unus
830 886 977 964 minime
994 888 1144 976 lallitor,
1162 889 1224 988 qui
1241 891 1310 964 mi-

241 1011 338 1086 nime
355 1012 491 1110 cogitat.
518 1013 579 1088 Vir
607 1025 724 1090 autem
748 1038 888 1108 summo
912 1014 1080 1114 praeditus
1102 1014 1260 1112 ingenio,
1280 1017 1307 1091 si

241 1133 398 1208 humana
412 1133 598 1232 divinaque
615 1135 719 1210 luerit
736 1134 945 1233 cogitatione
966 1135 1163 1233 amplexus,
1184 1145 1218 1210 et
1231 1157 1310 1210 om-

242 1251 300 1326 nia
319 1275 397 1350 quae
410 1253 559 1328 senserit
576 1254 619 1328 de
635 1254 732 1329 omni
757 1278 794 1330 re
811 1254 926 1330 scibili
950 1265 985 1330 et
1002 1254 1214 1352 quibusdam
1233 1256 1309 1330 aliis

241 1374 334 1448 inter
357 1397 395 1450 se
425 1398 635 1474 componere
659 1389 695 1452 et
720 1389 928 1453 connectere
953 1377 1058 1453 luerit
1084 1387 1249 1468 conatus,
1272 1389 1312 1453 ut

242 1494 472 1572 exaedificaret
488 1519 567 1594 quae
582 1497 776 1596 sapientum
798 1498 928 1598 templo
947 1521 1071 1574 sereno
1089 1499 1226 1597 egregie
1248 1521 1312 1574 no-

242 1617 374 1691 minata
392 1628 490 1710 sunt3
509 1618 539 1692 is
558 1627 651 1693 certe
672 1619 882 1693 sententiam
901 1618 1054 1716 aliquam
1073 1619 1167 1717 apud
1189 1641 1311 1695 omnes

243 1742 480 1842 pervulgatam
514 1743 746 1841 eamdemque
776 1767 893 1818 veram
922 1744 1091 1835 inveniet,
1119 1767 1198 1842 quae
1227 1768 1310 1820 cum

243 1867 424 1942 sententiis
440 1867 516 1942 aliis
529 1879 598 1943 tam
612 1869 797 1944 artificioso
813 1869 996 1945 exstructis
1010 1869 1202 1967 discrepet,
1216 1891 1311 1944 eam-

243 2009 312 2083 que
325 1986 537 2085 repudiabit:
555 2012 624 2085 qua
640 1988 734 2062 enim
754 1989 922 2078 admissa,
937 1999 1050 2064 totum
1070 1999 1211 2064 corruat
1227 1988 1311 2064 aedi-

241 2107 374 2183 ficium.
390 2109 596 2207 Philosophi
612 2120 729 2184 autem
748 2109 809 2208 qui
827 2109 1031 2207 hujusmodi
1047 2131 1135 2207 opus
1149 2131 1311 2206 suscepe-

241 2238 337 2318 runt,
355 2228 379 2302 ii
391 2229 505 2328 majus
521 2229 699 2327 quoddam
711 2231 854 2304 luerunt
866 2229 1019 2327 aggressi
1031 2251 1137 2326 quam
1149 2228 1309 2303 homines

242 2353 415 2452 plerique,
438 2353 517 2452 qui,
540 2376 622 2428 cum
645 2353 780 2428 diversa
803 2363 837 2428 et
861 2375 981 2428 secum
1000 2352 1191 2450 pugnantia
1208 2352 1311 2450 vulgo

242 2473 411 2565 sentiant,
442 2473 625 2575 dissipatas
652 2485 685 2550 et
715 2472 907 2550 contrarias
937 2474 1027 2549 inter
1057 2495 1093 2548 se
1121 2474 1311 2550 sententias

242 2622 425 2698 nunquam
444 2600 607 2675 nituntur
625 2599 821 2676 conciliare.
871 2691 874 2698 Ι
1040 2675 1045 2689 ,

291 2720 327 2796 Si
342 2721 449 2818 igitur
467 2722 611 2796 insanus
627 2721 840 2820 Chrysippus
856 2719 934 2794 ideo
949 2730 1001 2794 est
1019 2717 1210 2808 dicendus,
1228 2718 1310 2814 quia

241 2842 392 2918 absurda
411 2844 571 2942 quaedam
588 2843 619 2918 ei
639 2843 863 2942 placuerunt,
878 2843 953 2918 etsi
972 2842 1148 2917 Cornutus
1167 2863 1308 2939 quoque

241 2966 355 3042 insani
377 2966 521 3042 nomine
544 2977 596 3042 est
614 2968 760 3064 dignus,
779 2967 859 3064 quia
882 2965 1118 3065 Chrysippum
1141 2963 1306 3040 cumdem

241 3109 452 3186 magnopere
476 3087 624 3162 miratus
651 3087 741 3176 suit,
759 3109 830 3162 non
856 3086 955 3161 video
980 3109 1043 3161 cur
1067 3080 1212 3160 insanus
1238 3108 1308 3158 non

241 3207 435 3306 appelletur
457 3219 576 3284 noster
596 3205 788 3295 Cartesius,
815 3205 875 3303 qui
894 3203 1059 3280 animalia
1077 3203 1174 3278 omni
1203 3225 1309 3278 sensu

242 3353 375 3422 carere,
391 3355 445 3407 res
463 3332 492 3407 si
512 3331 582 3407 ulla
599 3330 665 3406 suit
685 3353 843 3428 unquam
868 3327 1038 3418 absurda,
1057 3325 1309 3419 arbitrabatur3

242 3477 308 3529 nec
332 3478 395 3530 cur
412 3455 607 3545 Arnaldus,
625 3453 848 3544 Bossuetius,
872 3452 1021 3542 Fenelo,
1046 3451 1221 3548 multique
1251 3451 1310 3524 alii

142 3563 145 3568 ’
241 3575 468 3652 illustrissimi
500 3576 563 3650 viri
594 3600 664 3650 non
691 3576 813 3650 eodem
846 3576 1044 3651 habeantur
1071 3574 1107 3648 in
1141 3595 1307 3661 numero,

242 3722 324 3774 cum
343 3701 447 3775 tantis
466 3699 628 3775 laudibus
646 3699 811 3774 insanum
832 3698 1028 3774 Cartosium
1046 3697 1243 3772 extulerint.

290 3823 583 3898 praeclarissimus
601 3823 659 3896 illc
680 3822 910 3910 Loibnitzius,
930 3843 1000 3918 qno
1022 3819 1141 3892 nullus
1167 3819 1232 3892 luit
1252 3830 1311 3892 aut

242 3946 400 4021 doctrina
431 3947 667 4021 abundantior
697 3957 757 4021 aut
788 3944 927 4043 ingenio
961 3944 1203 4041 praestantior,
1238 3964 1308 4016 non

242 4067 364 4141 eadem
385 4068 564 4142 severitate
582 4076 634 4141 ost
657 4091 741 4141 usus
765 4090 834 4164 qna
861 4065 1007 4139 eximios
1034 4062 1184 4161 scriptor
1207 4062 1308 4159 cujus

243 4210 337 4262 nunc
354 4187 583 4285 expendimus
600 4187 819 4263 sententiam.
849 4185 955 4275 Nam,
978 4207 1060 4262 oum
1084 4205 1206 4258 omncs
1229 4183 1309 4281 phi-
