3042 5086
670 526 713 601 11

158 689 268 766 quam
294 666 430 741 infinita
456 689 575 743 rerum
602 671 752 744 natura?
777 669 868 756 Quid
895 681 1011 745 autem
1042 671 1225 769 pulchrius

158 808 268 884 quam
284 786 499 860 immensum
514 786 601 861 illud
618 809 744 887 corpus
761 813 779 864 3
794 789 879 878 Deo,
894 799 1060 887 tanquam
1076 813 1094 864 a
1110 803 1226 867 mente

157 919 289 988 aeterna
303 908 524 1008 perfectaque
537 911 1013 1002 rationc‚animatumsimul
1023 923 1056 988 et
1069 914 1227 988 rectum?

158 1031 198 1106 ld
217 1033 313 1108 enim
331 1033 433 1130 vulgo
452 1033 580 1108 dicitur
605 1036 811 1134 pulchrum,
836 1035 872 1110 in
898 1058 966 1133 quo
990 1059 1009 1111 e
1034 1036 1226 1110 multarum

158 1157 400 1232 convenientia
420 1181 538 1234 rerum
558 1158 643 1234 ordo
670 1159 820 1234 allicitur
844 1158 1031 1249 mirabilis,
1050 1181 1122 1234 uon
1139 1159 1225 1232 defi-

158 1278 274 1354 ciente
295 1279 327 1354 vi
354 1280 504 1378 quadam
532 1280 687 1370 interna,
715 1303 783 1380 qua
809 1290 923 1355 totum
949 1279 1035 1355 illud
1063 1290 1124 1354 aut
1147 1302 1227 1356 vere

157 1401 281 1500 spiret,
301 1410 363 1476 aut
379 1403 512 1500 spirare
529 1402 698 1478 videatur.

206 1522 392 1598 Neminem
416 1525 504 1622 sugit
527 1535 700 1624 quantum
726 1525 855 1600 Fenelo
875 1534 992 1600 noster
1009 1524 1102 1600 hanc
1120 1525 1225 1600 mire-

159 1655 218 1720 tur
234 1648 508 1746 philosophiam,
526 1673 634 1747 quarn
658 1649 853 1726 fabulosam
873 1648 1032 1724 nominat
1047 1648 1224 1722 eamdem·

161 1793 228 1866 que
253 1771 488 1868 magnificam.
519 1771 736 1858 Quinetiam
764 1771 1006 1847 animadvertit
1029 1770 1224 1846 illustrissi-

159 1915 239 1967 mus
259 1893 317 1968 ille
333 1893 483 1992 scriptor
504 1894 610 1992 hujus
629 1895 858 1994 philosophiae
876 1895 1102 1991 interpretem
1121 1893 1226 1967 luisse

157 2013 366 2112 Virgilium,
384 2026 419 2090 et
449 2015 601 2113 insignes
629 2017 692 2091 hos
711 2017 810 2090 allert
827 2038 964 2102 versus,
984 2038 1071 2112 quos
1098 2015 1225 2090 stoicos

155 2137 265 2212 simul
284 2149 317 2212 et
335 2137 529 2236 platonicos
548 2161 622 2214 esse
638 2139 745 2214 dicit:

266 2341 965 2416 mmmmfflfflmwmmms

265 2439 996 2511 AEwwfflfflmmmwmmms

265 2529 1033 2605 Rmmwfflwmwwwwm:

265 2628 1077 2701 Hmmmfflmwmfflmmfflmm

263 2723 1118 2814 Qmmfflmmmmmmfflmw.·

206 2907 297 2982 Dum
311 2908 466 3006 epicurei
485 2930 704 3006 quaecunque
718 2909 876 2984 videmus
895 2932 913 2984 3
931 2909 1073 2985 lortuito
1091 2924 1224 2986 atomo-

156 3056 237 3107 rum
257 3054 432 3107 concursu
452 3032 601 3106 credunt
615 3054 690 3106 esse
708 3042 807 3122 nata,
826 3043 859 3106 et
875 3033 1040 3130 pleraque
1058 3033 1124 3106 vita
1144 3055 1222 3105 omm

155 3158 241 3231 nino
261 3178 398 3246 carere3
418 3154 517 3230 stoici
542 3165 661 3230 contra
687 3154 805 3227 omnia
830 3152 961 3228 coelesti
981 3153 1130 3251 quadarn
1151 3165 1223 3227 arte

154 3279 235 3353 ficta
254 3269 381 3353 esse'et
398 3279 441 3354 ah
459 3279 535 3377 ipso
562 3278 633 3352 Deo
662 3275 808 3352 animari
836 3274 1059 3350 arbitrantur.
1086 3275 1222 3371 ltaque,

155 3407 288 3495 quanto
301 3397 501 3471 inanimatis
515 3396 667 3471 animata
682 3404 716 3469 et
728 3393 936 3468 inordinatis
950 3393 1106 3468 ordinata
1122 3416 1225 3490 praes·

156 3529 248 3608 taut,
265 3530 360 3594 tanto
375 3519 623 3617 epicureorum
647 3517 842 3614 disciplinae
856 3517 1048 3592 stoicorum
1064 3514 1222 3613 discipli-

157 3661 239 3712 nam
258 3637 523 3736 pulchritudine
538 3650 701 3737 praestare
720 3660 856 3713 censeo

205 3759 241 3835 Si
260 3761 338 3857 quis
356 3762 442 3836 sorte
458 3761 702 3837 existimaverit
720 3762 857 3836 fortuna
877 3760 935 3835 illa
953 3760 1044 3834 varia
1063 3773 1098 3834 et
1115 3781 1225 3848 caeca,

156 3878 199 3953 de
215 3902 283 3976 qua
303 3879 496 3977 loquuntur
520 3881 691 3980 epicurei,
710 3881 835 3956 melius
854 3881 926 3976 regi
945 3903 1063 3954 rerum
1082 3878 1223 3952 univer-

157 4005 294 4082 sitatem
314 4030 420 4103 quam
432 4017 525 4083 carta
540 4018 574 4082 et
588 4006 823 4082 indissolubili
839 4007 1007 4082 Fatorum
1024 4006 1098 4101 lege
1116 4028 1222 4102 qnam

195 4253 642 4328 wmfflmmffimw
