3002 5084
653 519 697 594 el

284 669 391 725 lustum
405 679 437 724 ee
450 669 575 724 noscero
588 667 725 738 propositi
738 667 838 738 virum,

282 765 343 826 Non
356 765 456 822 civium
470 763 551 822 ardor
566 765 830 836 prouolubeutinm,

320 863 382 922 Non
394 862 487 921 vultus
499 861 630 920 instantis
643 864 750 936 tyranni

354 958 446 1016 Mento
459 955 548 1030 quatit
561 959 664 1032 solida,
677 973 767 1031 neque
779 957 879 1017 Auster

283 1051 344 1108 lion
356 1049 471 1122 inquieti
482 1051 610 1109 turbidus
626 1051 728 1122 Adule,

283 1142 340 1202 Neo
352 1142 524 1201 fulminantis
536 1158 635 1215 magna
649 1158 746 1203 munus
759 1144 851 1201 lovis:

321 1240 348 1297 Si
362 1239 467 1298 iratius
480 1241 610 1300 illabatur
622 1241 712 1314 orbis,

356 1333 524 1405 impavidum
537 1332 637 1392 ferient
648 1335 746 1393 ruine.

285 1427 342 1482 liae
354 1430 414 1483 arte
427 1425 523 1484 l‘ollux
535 1433 563 1485 et
576 1441 663 1500 uagus
677 1429 811 1486 llereulee

283 1519 397 1590 linisus,
410 1533 490 1578 eroes
504 1521 595 1592 arripit
608 1523 704 1593 igneas
714 1521 733 1578 ¹.

191 1656 221 1733 A
238 1681 295 1734 me
313 1661 445 1758 requiri
462 1684 533 1736 non
552 1672 687 1761 putout
701 1684 842 1739 carmen
858 1645 1036 1738 dileudem
1054 1659 1210 1757 longius,

141 1781 237 1879 quod
255 1781 339 1880 ipsis
358 1783 476 1881 pueris
495 1795 619 1859 notum
646 1794 715 1876 est,
741 1796 776 1862 ei
791 1785 885 1884 quod
911 1784 1081 1882 imperitis
1106 1783 1211 1857 etiem

142 1902 388 1982 incredibilem
407 1909 596 2006 quemdam
614 1921 728 1986 movet
746 1910 1033 1997 admirationem3
1052 1907 1112 1982 sed
1141 1927 1212 1979 non

143 2025 290 2100 omnino
309 2026 434 2104 inutile
456 2040 491 2104 ei
516 2029 710 2105 absurdum
734 2030 806 2104 lore
825 2051 969 2132 censeo,
988 2024 1214 2124 unumquod·
1298 2084 1300 2090 .

142 2170 212 2246 que
232 2149 416 2246 diligenter
443 2153 691 2253 perpendendo
718 2154 882 2242 verbum,
908 2152 972 2226 hos
990 2173 1110 2225 uersus
1138 2170 1214 2223 esse
1250 2209 1254 2218 .

144 2295 222 2348 uere
240 2283 388 2349 elmere
408 2276 535 2352 stoicos
550 2253 744 2351 ostendere.
764 2275 828 2350 Cui
847 2275 960 2374 aptius
979 2297 1086 2373 quern
1104 2273 1213 2348 sioieo

144 2395 294 2492 sapienti
316 2397 384 2471 hoc
407 2398 554 2474 verbum
576 2399 746 2499 propositi
769 2396 966 2486 conveniat,
990 2397 1085 2496 quod
1109 2396 1214 2471 vitem

144 2519 320 2628 significet
336 2543 407 2595 non
422 2531 569 2612 temere,
589 2533 630 2598 ut
646 2523 700 2614 fit,
720 2533 918 2620 negantem,
933 2522 993 2598 sed
1010 2521 1133 2596 rationi
1147 2521 1215 2596 mi·

145 2644 243 2718 risroe
260 2647 555 2721 eonsenteneem‘i
571 2647 683 2723 Verbo
703 2660 816 2723 utente
828 2648 945 2724 solido
958 2659 992 2724 et
1004 2646 1216 2746 impavidum

145 2765 311 2842 uirtutem
329 2769 486 2846 indicant
500 2772 640 2871 proprie
660 2773 825 2862 stoicem,
844 2795 951 2870 quam
974 2771 1215 2875 fortitudinem

147 2890 388 2982 nominemus,
408 2903 499 2968 etex
521 2917 608 2991 que,
632 2895 739 2969 veluti
757 2919 796 2970 ex
811 2897 920 2983 fonte,
941 2905 1074 2969 oeeterae
1092 2917 1215 2969 omnes

145 3011 290 3087 uirtutes
309 3024 454 3088 manent
471 3026 505 3090 et
528 3015 698 3090 defluunt.
718 3016 809 3102 Quid
835 3016 948 3091 dicem
969 3017 1011 3090 de
1029 3016 1084 3089 his
1102 3017 1216 3091 verbis

145 3157 253 3231 oopus
269 3138 462 3213 Hercules?
486 3138 597 3224 Quem
616 3140 719 3215 heroe
746 3163 827 3214 curn
848 3139 914 3214 sibi
939 3138 1038 3213 sioiei
1063 3139 1105 3212 ed
1131 3139 1215 3212 imi-

148 3260 296 3334 tandum
323 3274 573 3360 proponerent,
602 3285 684 3336 eum
713 3262 878 3336 Horatius
906 3262 1216 3336 commemorando

144 3370 232 3456 ¹setis
248 3404 423 3479 superque
441 3382 647 3457 monstravit
664 3404 815 3479 quonum
841 3381 1217 3479 potissimum-instite-

148 3506 194 3579 rit
212 3507 373 3603 vestigiis.

196 3626 274 3701 Non
299 3628 380 3700 setis
401 3627 504 3702 hebet
529 3628 591 3703 has
610 3629 801 3703 stoicorum
822 3627 1010 3702 sententias
1028 3626 1141 3702 verbis
1160 3649 1217 3700 en-

149 3749 295 3847 plieere‚
313 3771 391 3845 quee
409 3762 491 3824 suni
514 3750 656 3847 quidem
674 3750 767 3846 vulgi
786 3749 1011 3848 opinionibus
1031 3748 1216 3822 sublimio-

150 3895 221 3962 res,
241 3874 301 3948 sed
320 3897 397 3970 quae
421 3876 581 3949 omnium
595 3876 730 3972 judicio
749 3899 817 3951 non
838 3876 982 3950 omnino
1001 3886 1216 3971 repugneni3
1235 3905 1237 3911 ⁴

150 4018 189 4068 ee
205 4019 344 4093 quoque
359 4009 508 4095 occupet
525 3998 667 4095 placite,
685 4021 762 4093 quoe
781 4022 799 4072 a
821 3997 1003 4072 communi
1030 3996 1215 4070 hominum

192 4248 276 4305 ·n0r.
292 4248 310 4303 ι.
325 4247 377 4318 ιιι,
398 4247 450 4304 ou.
468 4253 493 4319 e,
510 4264 534 4304 v.
553 4253 578 4304 l.
