3002 5084
650 485 697 558 ot

129 625 239 702 ribus
266 627 386 702 extulit
415 628 577 704 laudibus
604 632 699 729 quod
728 628 949 728 ingeniorum
976 653 1081 727 quarn
1110 631 1205 728 quod

130 769 330 847 corporum
346 750 554 828 obtinuisset
571 753 820 855 principatum.

187 872 315 969 Igitur,
331 897 402 950 non
421 876 526 952 modo
545 879 620 956 hoec
635 879 829 956 stoicorum
852 877 970 977 opinio
995 899 1065 954 non
1084 877 1207 956 insana

132 995 304 1074 habenda
322 1010 391 1090 est,
410 1000 470 1077 sed
484 1001 536 1076 vix
554 1025 654 1078 mens
667 1025 746 1078 vere
764 1024 848 1078 sano
860 1001 1072 1078 elomnibus
1089 1001 1209 1078 incon·

132 1115 301 1191 sideratis
323 1118 416 1216 vulgi
438 1120 663 1218 opinionibus
681 1122 794 1198 solnta
819 1119 1048 1220 reperiretur,
1071 1145 1148 1220 quoe
1172 1121 1208 1196 in

134 1261 237 1330 earn,
256 1261 293 1316 re
307 1240 493 1339 paululum
509 1245 698 1342 ponderata
717 1254 752 1320 et
768 1265 932 1336 excusse,
951 1267 1021 1321 non
1040 1243 1209 1321 eoncede-

135 1373 207 1437 ret.
232 1363 283 1438 Ex
301 1386 370 1461 quo
388 1365 440 1441 vel
457 1367 531 1442 solo
550 1367 659 1466 liquet
684 1367 887 1459 Horatium,
915 1367 1007 1444 hanc
1034 1366 1209 1466 carpendo

137 1485 375 1579 sententiam,
394 1488 479 1586 quid
507 1490 543 1564 in
569 1513 607 1566 ee
634 1490 790 1589 pulchri,
815 1490 963 1589 ideoque
986 1491 1029 1566 ed
1054 1490 1211 1569 carmina

140 1607 419 1699 accommodati,
439 1608 582 1700 inesset,
602 1609 699 1685 nullo
716 1609 822 1688 modo
840 1609 1057 1689 intellexisse.

554 2021 700 2099 CAPUT
725 2022 795 2099 XV.

340 2193 387 2250 nn
403 2192 584 2252 iuventus
602 2173 801 2252 sroreondn
819 2193 1016 2252 orserruno.

192 2414 230 2490 Si
243 2413 321 2513 quis
335 2413 538 2492 iuvenalem
552 2415 697 2492 remisse
710 2426 744 2491 et
758 2416 859 2514 quasi
872 2414 1060 2491 oscitanter
1074 2413 1213 2512 legerit,

143 2539 175 2614 ei
201 2539 290 2617 nihil
315 2541 459 2617 forsitan
479 2540 608 2617 abhoc
631 2551 750 2639 poeta,
774 2563 844 2617 non
866 2539 971 2616 modo
998 2537 1123 2632 stoice,
1151 2539 1214 2615 sed

143 2683 189 2736 ne
212 2662 455 2762 philosophice
480 2664 622 2762 quidem
651 2664 785 2741 dietum
811 2686 887 2740 esse
910 2662 1094 2740 videbitur.
1121 2661 1212 2738 Nam

143 2808 224 2861 raro
242 2807 261 2860 a
281 2785 462 2892 communi
491 2787 676 2863 hominum
695 2811 800 2864 sensu
826 2798 858 2864 et
885 2786 1055 2884 evulgari
1073 2784 1213 2862 dicendi

143 2906 280 2983 ratione
307 2919 425 2983 noster
453 2908 511 2984 hic
542 2909 730 2985 satirarum
758 2910 907 3008 scriptor
936 2908 1116 3000 obhorret,
1147 2929 1212 2984 nec

145 3028 273 3105 obditis
299 3040 334 3104 et
350 3031 492 3107 remotis
511 3055 529 3106 e
554 3031 708 3106 lontibus
729 3031 846 3107 hnurit
863 3055 918 3106 res
939 3054 980 3105 ae
1005 3028 1109 3107 verba
1133 3051 1212 3127 quoe

144 3176 207 3252 per
225 3151 374 3229 audaces
393 3152 540 3229 devolvit
560 3176 679 3229 versus
686 3179 695 3245 3
715 3153 774 3228 sed
793 3153 945 3229 emedio
965 3153 1149 3249 desumpta
1174 3152 1210 3226 in

145 3273 303 3350 medium
322 3274 462 3372 prolert.
482 3273 573 3361 Quin
591 3274 715 3366 etiem,
738 3297 820 3350 eum
843 3274 1014 3350 hebemus
1038 3274 1209 3350 confiten-

145 3408 216 3474 tem
235 3419 271 3471 se
290 3420 308 3472 e
333 3397 554 3497 philosophia
576 3397 682 3473 luisse
701 3397 974 3489 alienissimum3
1003 3396 1132 3495 quippe
1150 3396 1210 3494 qni

145 3538 261 3614 neque
284 3515 546 3616 epicureorum,
564 3541 678 3616 neque
703 3516 924 3616 cynicorum,
947 3537 1061 3614 neque
1079 3514 1209 3592 stoico·

145 3662 227 3714 rum
245 3638 423 3737 deputato,
443 3665 465 3717 o
482 3641 613 3740 opelos
631 3642 751 3718 tunice
769 3640 952 3731 distentio,
972 3638 1123 3736 attigerit
1135 3640 1159 3711 ¹.

194 3763 287 3838 Eum
311 3771 429 3840 tomen
456 3788 528 3842 non
553 3766 698 3842 omnino
722 3765 865 3842 latuisse
893 3763 1101 3840 crediderim
1118 3782 1209 3860 prcea

145 3886 239 3965 clara
257 3888 316 3966 illa
334 3889 472 3966 decreta
490 3901 524 3986 et
540 3902 726 3991 precepta,
747 3914 825 3991 quoe
839 3890 1051 3989 Jcmdudum
1068 3908 1209 3986 percre-

145 4008 296 4086 buerant
315 4012 409 4112 apud
432 4014 609 4092 Romanos
634 4027 737 4113 etque
761 4015 797 4091 in
820 4035 981 4090 sermone
1005 4021 1039 4088 el
1055 4032 1115 4086 ore
1133 4032 1210 4085 om*

185 4250 268 4400 'Sap
283 4253 354 4328 Xlll,
369 4269 392 4314 v.
409 4260 468 4317 llo.
510 4307 551 4348 ,
1071 4319 1083 4366 p
