3042 5086
601 523 650 598 45

85 675 361 752 contemnendis
391 674 571 749 doloribus
601 687 704 772 atque
733 676 986 774 voluptatibus,
1013 676 1158 752 modum

87 802 302 890 excessisse,
319 812 353 875 et
370 801 412 874 ad
432 800 467 874 id
481 799 682 875 laciendum
692 811 871 898 grassante
883 799 919 874 in
936 799 1009 874 dies
1024 799 1158 876 luxuria

89 924 198 1002 luisse
218 919 410 1018 impulsos;
428 942 511 993 nam
531 918 649 994 nimiis
666 919 756 994 vitiis
775 920 903 1018 quibus
925 920 1086 995 homines
1103 921 1159 994 in-

88 1042 171 1118 secti
187 1051 305 1130 erant,
317 1039 436 1113 nimiae
447 1039 591 1115 virtutes
604 1049 704 1115 erant
717 1039 951 1139 opponendae;
964 1048 999 1114 et
1011 1039 1077 1113 nisi
1088 1061 1161 1114 mo-

90 1187 163 1254 reS,
185 1163 293 1238 semel
314 1163 508 1261 depravati,
526 1164 624 1261 prius
642 1163 678 1236 in
697 1163 913 1238 contrarium
933 1163 1054 1238 dellexi
1076 1162 1161 1237 luis-

92 1294 188 1376 sent,
208 1285 336 1382 corrigi
356 1306 578 1384 nequaquam
597 1295 768 1383 poterant.
787 1284 950 1358 Attamen
969 1305 1072 1358 nemo
1091 1305 1160 1358 non

91 1409 241 1482 fateatur
260 1430 402 1482 necesse
420 1417 473 1482 est
491 1419 628 1482 nostros
647 1407 711 1481 hos
729 1407 974 1506 philosophos,
991 1406 1077 1480 dum
1095 1405 1162 1479 im-

93 1529 294 1619 moderata,
320 1529 426 1603 nimis
445 1529 512 1604 alta
530 1539 565 1604 et
583 1553 689 1629 supra
715 1531 908 1604 humanam
926 1529 1037 1628 posita
1056 1537 1162 1603 natu-

97 1675 174 1725 ram
192 1663 375 1750 appetunt,
395 1653 527 1758 aliquid
546 1652 668 1728 durius
686 1662 720 1727 et
734 1653 901 1750 grandius
916 1653 1002 1727 inse
1017 1651 1162 1741 habere;

98 1798 179 1849 cum
198 1786 312 1850 autem
333 1777 426 1872 quod
446 1778 610 1852 affectant
631 1778 665 1852 id
689 1801 726 1852 se
744 1801 818 1854 esse
842 1789 1048 1855 consecutos
1067 1776 1163 1852 arbi-

93 1907 252 1989 trantur,
270 1921 329 1974 eos
347 1910 425 1973 tum
447 1900 561 1974 efferri
587 1900 814 1992 insolentius,
838 1911 870 1976 et
890 1899 1062 1974 diabolica
1081 1900 1163 1987 ista,

92 2044 201 2120 quam
221 2022 271 2096 eis
289 2022 469 2098 Pascalius
485 2022 631 2121 objecit,
647 2023 762 2098 inllari
775 2022 948 2122 superbia.
965 2021 1050 2096 lnde
1068 2020 1164 2118 (quia

91 2145 210 2219 vultus
238 2143 364 2235 animi,
393 2155 432 2219 ut
459 2145 653 2220 rectissime
685 2147 750 2219 suit
779 2145 941 2233 definita,
969 2144 1078 2219 oratio
1102 2141 1165 2239 est)

92 2287 192 2338 nunc
209 2275 411 2339 contortum
430 2276 463 2340 et
480 2265 683 2362 quaesitum,
702 2287 798 2338 nunc
822 2264 998 2338 tumidum
1014 2273 1048 2338 et
1062 2263 1164 2336 inlla-

93 2401 170 2466 tum
190 2390 330 2466 dicendi
345 2413 466 2488 genus.
483 2390 635 2466 Eosdem
653 2411 732 2465 vero
751 2389 913 2464 homines
931 2389 1009 2486 quis
1023 2411 1094 2463 non
1110 2388 1164 2461 vi·

94 2513 172 2604 det,
188 2514 274 2587 dum
293 2514 438 2588 allectus
456 2536 579 2590 omnes
597 2512 719 2588 volunt
735 2536 775 2587 ex
792 2512 909 2586 animo
925 2511 1063 2611 penitus
1081 2532 1165 2586 con·

94 2639 191 2727 velli,
211 2648 273 2712 aut
290 2638 388 2714 nullo
405 2638 514 2714 animi
532 2648 630 2714 motu
646 2661 682 2713 se
701 2636 870 2713 concitari
886 2658 1066 2736 passuros,
1081 2646 1166 2709 etse

95 2771 203 2850 totos,
222 2761 337 2857 quoad
364 2762 440 2836 fieri
470 2760 605 2852 licebit,
629 2761 830 2836 addicturos
854 2759 1006 2834 rationi‘.l
1028 2757 1103 2844 Quo
1127 2780 1166 2844 ex

94 2881 191 2954 sonte
215 2879 303 2954 fluat
326 2902 469 2955 necesse
496 2890 565 2971 est,
588 2879 617 2954 si
646 2881 750 2956 modo
772 2880 1005 2977 verbositate
1031 2877 1090 2952 hic
1113 2877 1166 2950 uti

94 3009 191 3074 recte
214 3019 378 3097 possum,
404 2999 548 3097 frigida,
575 3000 687 3091 sicca,
710 3001 827 3100 jejuna
853 3000 1012 3097 quaedam
1036 2998 1165 3086 oratio,

96 3141 175 3216 quae
193 3129 254 3192 aut
271 3142 349 3194 raro
364 3130 425 3193 aut
442 3143 624 3216 nunquam
643 3120 828 3194 exsultabit
843 3119 1019 3193 audacius.
1038 3118 1165 3215 Igitur,

96 3240 235 3316 etiamsi
253 3240 371 3316 stoicis
391 3240 609 3338 contingeret
627 3252 666 3315 ut
689 3263 794 3339 opera
812 3242 1004 3316 conderent
1022 3239 1165 3314 rationis

96 3359 236 3458 legibus
259 3383 365 3458 quam
389 3361 539 3436 maxime
559 3361 841 3452 accommodata,
862 3370 896 3435 et
913 3381 1064 3458 quorum
1087 3381 1167 3456 par-

98 3496 167 3574 tes,
183 3484 259 3558 sine
277 3484 347 3559 ulla
364 3484 614 3583 discrepantia,
629 3486 721 3560 inter
734 3509 772 3561 se
785 3485 1026 3576 convenirent,
1042 3483 1168 3558 nihilo-

97 3607 219 3681 minus
237 3605 403 3705 operibus
425 3607 671 3704 hujuscemodi
694 3621 854 3683 tenerum
873 3608 1050 3707 quoddam
1069 3608 1169 3684 dees·

99 3740 153 3805 set
171 3741 206 3804 et
223 3727 445 3818 miserabile,
461 3731 555 3827 quod
574 3730 759 3805 hominum
778 3731 926 3806 delectat
942 3744 975 3808 et
992 3739 1170 3830 permovet

99 3849 254 3937 animm,
274 3870 403 3945 eosque
425 3834 636 3948 quocunque
657 3851 729 3925 vult
746 3852 847 3950 rapit.
870 3852 991 3949 ltaque
1007 3851 1091 3925 tales
1105 3849 1170 3924 viri

98 3976 291 4074 perlectam
321 3976 418 4050 illam
452 3999 594 4074 poeseos
629 3977 798 4068 sormam,
826 4001 931 4076 quam
961 3975 1169 4072 cogitatione

98 4112 238 4177 tantum
272 4101 516 4199 concipimus,
546 4101 643 4177 nullo
678 4104 783 4178 modo
814 4112 956 4202 possent
983 4101 1167 4197 effingere,

101 4246 204 4298 nam:
