3002 5084
638 513 686 586 95

127 655 275 752 subigit,
294 665 328 729 et
356 678 418 754 pro
443 655 571 732 misero
590 655 649 730 illo
678 680 773 754 rege,
794 658 838 732 ab
862 680 903 732 eo
922 659 1048 749 nimis,
1066 672 1105 735 ut
1121 661 1197 760 opi-

128 797 212 865 nor,
236 785 355 849 vexato
378 797 615 873 propugnare,
640 779 834 874 praesertim
852 778 987 853 socium
1009 778 1197 855 habentem
1247 859 1251 866 ,

127 897 218 994 milri
247 897 392 971 omnino
427 895 571 995 impari,
598 908 755 997 tempore
789 911 823 975 et
859 900 952 992 locu,
979 902 1195 977 adiuturum.

126 1017 285 1092 Nasutus
304 1026 421 1092 noster
444 1027 544 1115 poeta
568 1017 699 1108 rideat,
722 1019 751 1093 si
779 1021 910 1118 placet,
938 1020 1103 1114 barbam,
1121 1023 1197 1098 lus·-

128 1146 222 1226 tem,
248 1135 472 1233 inopiamque
499 1135 690 1212 stoicorum
720 1140 972 1244 quorumdam,
999 1142 1059 1238 qui
1081 1142 1198 1228 Antis·

128 1259 274 1333 thenem
298 1259 408 1356 magis
435 1282 542 1356 quam
565 1259 740 1336 Zenonem
769 1262 835 1336 vita
863 1273 897 1337 et
923 1263 1082 1338 moribus
1110 1265 1166 1339 rel
1183 1305 1199 1320 ·

129 1382 265 1457 rebant.
292 1382 386 1458 Esto.
412 1381 497 1456 Mihi
518 1394 631 1459 tamen
650 1385 765 1460 dicere
787 1385 889 1460 liceat
912 1409 1199 1484 unamquamque

129 1506 391 1606 philosophiam
410 1519 470 1582 aut
496 1508 701 1606 religionem
726 1510 886 1606 quaedam
913 1512 1015 1608 vulgo
1035 1512 1198 1587 extollere

130 1628 166 1703 in
183 1629 320 1726 majus,
337 1651 415 1726 quae
432 1629 468 1703 in
485 1653 600 1705 mores
619 1631 750 1706 sensim
768 1631 922 1706 inssuunt
936 1642 970 1706 et
984 1633 1198 1730 singularem

131 1753 320 1848 aliquando
336 1752 479 1850 pariunt
495 1753 619 1850 agendi
635 1755 822 1845 rationem,
838 1755 898 1830 sed
912 1779 989 1853 quae
1005 1758 1091 1832 adeo
1110 1756 1199 1829 nihil

132 1876 175 1949 de
191 1874 362 1950 scitorum
378 1898 418 1949 ac
436 1887 691 1975 preceptorum
710 1877 925 1953 sublimitate
941 1879 1145 1966 detrahunt,
1160 1890 1201 1952 ut

132 1995 312 2070 contraiis
330 1994 400 2069 sint
417 1995 564 2070 mirifice
582 2008 659 2094 apta
678 2011 713 2071 et
730 2019 895 2072 connexa.

180 2118 369 2206 Praeterea,
394 2117 558 2193 Horatius
585 2143 657 2194 non
684 2121 773 2224 milri
801 2132 894 2196 recte
918 2121 1044 2196 vidisse
1065 2121 1200 2197 videtur

136 2259 201 2334 qua
221 2238 256 2310 in
283 2261 320 2312 re
344 2238 455 2337 posita
481 2239 526 2312 sit
550 2261 629 2313 vera
654 2237 807 2314 hominis
826 2239 1031 2336 magnitudo
1056 2250 1091 2314 et
1108 2262 1198 2338 prae-

132 2362 323 2452 stantia,et
339 2361 583 2460 imperitorum
597 2363 798 2460 opinionem
811 2364 927 2462 potius
940 2387 1047 2461 quam
1065 2364 1200 2461 sapien-

133 2488 222 2563 tium
241 2488 413 2564 rationem
427 2487 463 2562 in
477 2511 517 2564 eo
533 2499 694 2564 secutum
705 2489 822 2564 luisse.
838 2487 1049 2564 Omittamus
1065 2488 1200 2585 regium

135 2634 285 2701 nomen,
304 2620 425 2710 utpote
443 2612 654 2710 quibusdam
679 2613 861 2702 odiosum,
879 2624 913 2688 et
936 2611 1116 2686 hominem
1143 2635 1200 2686 so·

136 2732 318 2807 lummodo
333 2753 532 2829 quaeramus
544 2756 651 2830 quem
666 2734 799 2808 caeteris
813 2733 1018 2809 hominibus
1028 2734 1107 2830 jure
1122 2756 1201 2830 pos·

134 2854 246 2929 simus
260 2854 455 2929 existimare
473 2856 701 2954 superiorem.
721 2855 805 2941 Quis
820 2856 981 2954 phaleras
1001 2854 1200 2952 dedignari,

137 2989 170 3052 et
189 2978 295 3052 rebus
312 2999 498 3076 personam
513 2978 653 3053 demere
671 3001 798 3074 easque
817 2976 1045 3074 introspicere
1060 2975 1201 3062 solitus,

138 3098 252 3173 virum
280 3098 483 3198 prudentia,
498 3097 651 3195 justitia,
675 3096 896 3186 fortitudine,
914 3094 1079 3202 omnibus
1104 3085 1203 3167 deni-

139 3242 207 3316 que
224 3220 354 3318 ingenii
381 3230 416 3294 et
441 3218 549 3294 animi
574 3216 761 3291 virtutibus
779 3197 943 3290 ornatum
962 3199 996 3289 et
1011 3214 1204 3311 amplifica-

139 3350 216 3416 tum
235 3363 306 3415 non
336 3350 539 3439 anteponat,
560 3338 664 3412 etiam
692 3336 840 3411 fortunis
865 3345 1059 3423 carentem,
1086 3334 1116 3408 ei
1144 3334 1204 3407 ho·
1246 3347 1249 3352 ·

140 3465 247 3554 mini,
261 3487 382 3560 quem,
395 3463 521 3539 mentis
533 3471 567 3537 et
576 3459 712 3536 consilii
723 3460 880 3557 inopem,
895 3456 1204 3555 contemptissimis

140 3584 391 3684 cupiditatibus
410 3583 634 3673 servientem,
658 3603 759 3655 casus
782 3578 930 3677 quilibet
955 3579 998 3652 ad
1024 3601 1205 3653 summum

140 3708 330 3807 imperium
346 3707 530 3782 extulerit?
552 3705 591 3780 ln
615 3704 683 3779 hoc
707 3703 802 3778 enim
827 3703 907 3777 ficta
930 3710 966 3774 et
989 3700 1205 3790 affabricata,

141 3832 177 3905 in
197 3832 257 3906 illo
275 3855 352 3906 vera
369 3841 402 3906 et
420 3855 439 3906 a
457 3841 581 3905 natura
597 3829 749 3928 prosecta
768 3824 968 3902 excellentia
987 3835 1050 3898 est.

189 3951 321 4048 Regem
339 3951 462 4042 illum,
480 3971 586 4048 quem
601 3949 701 4024 stoici
720 3947 926 4047 praedicant,
940 3942 1104 4018 Horatius
1123 3963 1206 4015 sane

143 4076 333 4152 lectoribus
365 4086 486 4175 argute
514 4074 665 4173 praebuit
691 4072 942 4159 deridendum3
969 4068 1047 4156 sed,
1076 4065 1206 4162 siquis

143 4199 207 4276 bos
223 4183 416 4300 principes,
436 4220 523 4297 quos
538 4208 638 4297 poeta
658 4219 739 4272 cum
756 4195 857 4291 vulgo
879 4192 1028 4266 miratur
1042 4200 1076 4264 et
1092 4188 1208 4287 suspi-
